4673 5897
827 489 1000 562 bunc
1048 488 1405 587 sapientiae
1450 490 1701 565 fontem
1753 493 2105 567 extollant.
2196 492 2309 563 Ac
2341 492 2619 590 primum
2669 495 2930 592 quidem
2993 492 3474 591 scriptores
3536 494 3742 592 ipsos,
3797 497 3979 571 anti-

834 610 1098 706 qui'ores
1128 618 1368 702 certe,
1435 609 1665 682 ordine
1704 636 2052 684 recensere
2098 634 2444 708 eorumque
2497 614 2754 689 libellos
2802 617 2914 713 qui
2969 621 3254 688 aetatem
3315 614 3612 686 tulerunt
3665 639 3978 711 quorum-

835 753 958 826 que
1005 722 1397 807 mibfflacta
1447 739 1551 803 est
1592 732 1782 827 copia
1834 732 2014 824 (nam
2070 731 2383 803 rarissimi
2433 737 2659 826 sunt),
2715 733 3082 807 accuratius
3137 731 3512 803 describere
3557 734 3772 806 visum
3837 744 3976 823 est3

794 847 1106 950 deinde,
1155 848 1214 920 si
1264 847 1536 940 licebit,
1608 860 2073 947 praecepta
2139 850 2239 922 de‘
2291 853 2386 920 ea
2438 857 2526 922 re
2584 856 2926 951 potiora
3007 875 3175 949 quae
3220 850 3289 921 in
3339 851 3738 926 Masorab
3792 854 3981 929 inve-

832 968 1102 1040 niuntur
1145 967 1492 1040 emendata
1542 975 1609 1039 et
1658 968 1985 1039 illustrata
2026 970 2460 1040 exhibiturus.

1139 1083 1293 1159 Jam
1361 1088 1421 1159 si
1483 1087 1671 1158 initia
1730 1085 1923 1182 hujus
1991 1086 2381 1184 discipliuae
2442 1086 2834 1182 repetimus,
2924 1088 3007 1160 ad
3069 1091 3218 1185 ipsa
3283 1089 3447 1162 artis
3508 1094 3976 1186 grammaticae

844 1205 1017 1305 apud
1066 1202 1361 1278 Judaeos
1410 1205 1762 1303 primordia
1815 1214 1995 1279 retro
2037 1206 2333 1278 ferimur.
2435 1205 2632 1278 Haec
2682 1207 2897 1298 enim,
2974 1210 3036 1279 si
3083 1232 3124 1279 a
3168 1209 3702 1307 lexicograpbiae
3758 1210 3970 1283 initiis

838 1323 1217 1397 discesseris
1263 1330 1459 1421 (quae
1501 1323 1785 1397 omnium
1835 1325 2049 1420 prima
2098 1325 2297 1398 fuisse
2323 1326 2648 1417 videntur)
2693 1325 2874 1399 circa
2921 1329 3544 1423 punctationem
3590 1330 3844 1426 (ἿἺΡὋ
3871 1358 3962 1394 =

841 1446 1072 1541 Ἥβὲ)
1128 1445 1195 1516 b.
1248 1469 1305 1517 e.
1353 1444 1668 1515 vocalium
1724 1450 2238 1540 accentuumque
2305 1468 2427 1517 nec
2467 1468 2599 1516 nou
2650 1446 3149 1518 consonantium
3209 1448 3668 1543 ambiguarum
3716 1449 3969 1544 punctis

837 1564 1156 1663 appositis
1202 1564 1646 1655 notationem,
1723 1562 1867 1634 sere
1917 1571 2172 1634 versata
2231 1564 2439 1636 fuisse
2504 1562 3097 1659 deprehenduntur.
3229 1564 3419 1657 Quod
3475 1592 3560 1638 ex
3611 1567 3972 1663 scripturae

836 1684 1210 1757 Hebraicae
1264 1679 1753 1777 Semiticaeque
1814 1681 2156 1754 universae
2208 1685 2466 1755 ratione
2530 1681 2873 1779 petendum
2899 1710 2958 1775 ς,
3017 1709 3210 1782 quam
3279 1692 3541 1757 constat
3610 1684 3978 1782 antiquitus

690 1887 705 1905 ἱ
840 1805 1036 1875 meris
1077 1803 1224 1875 fere
1271 1802 1778 1875 consonantibus
1841 1798 1932 1893 (si
1984 1797 2132 1872 Vau
2186 1811 2253 1874 et
2299 1800 2431 1875 Jod
2481 1801 2859 1898 exceperis)
2911 1804 3209 1894 absolvi,
3290 1810 3557 1876 caetera
3605 1828 3762 1875 vero
3793 1826 3977 1899 ‘quae

839 1922 922 1995 ad
970 1923 1179 1994 vivum
1229 1943 1587 1994 sermonem
1642 1921 1975 2015 pertinent
2021 1921 2384 2018 quibusque
2436 1921 2624 2017 quasi
2675 1920 3049 1994 animantur
3096 1930 3529 1995 consonantes
3554 1974 3577 2013 ,
3633 1924 3972 2017 ignorare,

836 2042 1320 2138 legentiumque
1378 2062 1455 2112 ac
1522 2040 1939 2112 recitantium
2011 2041 2176 2112 arti
2240 2041 2639 2136 relinquere.
2776 2040 2964 2132 Quae
3012 2065 3125 2115 ars
3176 2066 3372 2138 quum
3424 2043 3492 2113 in
3529 2041 3813 2138 publica
3856 2064 3975 2111 sa-

835 2186 1090 2234 crorum
1156 2160 1471 2232 librorum
1537 2158 1930 2232 recitatione
1989 2184 2112 2257 per
2161 2169 2258 2231 tot
2308 2180 2677 2254 synagogas
2730 2160 2985 2232 usitata
3029 2162 3470 2257 maximopere
3522 2159 3973 2257 requireretur

834 2280 1226 2376 maximique
1284 2303 1395 2350 res
1460 2286 1634 2352 esset
1687 2279 2035 2352 momenti:
2115 2281 2196 2350 ab
2255 2278 2724 2375 antiquissimis
2792 2276 2950 2351 inde
3013 2281 3413 2378 temporibus
3466 2305 3731 2377 quorum
3779 2267 3978 2349 ‘nohis

834 2399 1085 2472 tradita
1151 2406 1254 2472 est
1315 2398 1630 2470 memoria
1697 2400 1971 2472 multum
2034 2399 2100 2470 ei
2148 2397 2460 2470 tribuisse
2508 2404 2575 2469 et
2620 2396 2981 2470 tradendae
3029 2423 3293 2496 operam
3356 2399 3634 2473 navasse
3688 2395 3974 2468 videmus

834 2518 1237 2595 Judaeorum
1283 2518 1632 2614 magistros
1660 2514 1718 2570 ²)
1740 2570 1765 2609 ,
1818 2515 2055 2609 donec,
2103 2527 2381 2615 urgente
2430 2517 2868 2609 necessitate,
2930 2517 3195 2591 tandem
3249 2519 3354 2590 vel
3401 2517 3601 2588 inviti
3645 2512 3971 2606 Syrorum

833 2626 1221 2710 Arabum‘ve
1275 2638 1576 2734 exemplo
1627 2637 1710 2709 ad
1761 2637 2362 2735 punctationis
2426 2634 2771 2709 artificium
2817 2637 3354 2710 introducendum
3392 2635 3783 2733 linguaeque
3827 2633 3971 2706 usi·

834 2756 958 2828 bus
1002 2756 1246 2829 sensim
1297 2756 1907 2830 accommodandum
1958 2735 2535 2855 et'expoliendum
2586 2757 2945 2829 ferrentur.
3039 2758 3190 2850 Quo
3255 2732 3435 2828 facto
3458 2808 3483 2850 ,
3558 2778 3688 2827 non
3738 2753 3970 2826 mirum

839 2882 944 2950 est
995 2899 1246 2950 omnem
1297 2900 1569 2975 operam
1634 2878 2284 2976 grammaticam
2352 2877 2633 2977 primum
2698 2878 2770 2948 in
2833 2900 2911 2950 eo
2976 2876 3379 2974 potissimum
3437 2875 3723 2975 positam
3769 2873 3973 2946 fuisse

832 3003 906 3066 nt
948 3019 1189 3068 novum
1239 2995 1402 3068 illud
1447 3006 1839 3095 punctorum
1880 2995 2229 3071 artificium
2281 3023 2323 3071 a
2367 2999 2727 3070 lectoribus
2777 3006 2959 3071 recte
3013 3004 3084 3070 et
3132 2995 3626 3094 intelligeretur
3674 3002 3743 3069 et
3780 2993 3975 3068 libris

836 3113 1048 3187 sacris
1096 3111 1546 3207 adhiberetur,
1612 3115 1915 3212 idemque
1960 3116 2082 3187 sibi
2127 3117 2549 3212 proposuisse
2601 3114 2768 3212 quod
2816 3113 3081 3187 oralis
3155 3114 3597 3184 institutio
3659 3113 3984 3201 bueus-¹

837 3257 989 3331 que
1042 3231 1473 3330 praestiterat
1504 3233 1649 3306 lae.
1691 3233 2172 3308 lectoribus
2223 3235 2633 3308 librorum
2680 3260 2773 3307 ss.
2825 3232 2925 3306 ad
2974 3238 3211 3304 recte
3240 3229 3969 3327 pronunciandum

836 3351 1417 3425 instituendis
1469 3353 1881 3444 inserviisse3
1949 3378 2139 3450 quem
2186 3352 2384 3426 finem
2433 3353 2846 3451 sequioribus
2899 3374 3148 3448 quoque
3198 3348 3596 3460 temporibus
3648 3346 3966 3443 ejusmodi

831 3478 1052 3552 libelli
1113 3500 1248 3550 non
1306 3502 1458 3551 raro
1510 3478 1650 3575 ipso
1699 3480 1889 3554 titulo
1937 3504 2098 3577 prae
2145 3503 2217 3553 se
2285 3481 2509 3553 ferunt
2557 3480 2662 3575 (ut
2711 3467 2929 3581 ΝᾏῘζΰιῖ
2973 3482 3119 3578 1³22,
3182 3475 3418 3576 ΝῬΡΓΞ
3462 3466 3719 3581 ΞἾἽἿἾΠ
3753 3500 3812 3548 v.
3862 3475 3970 3545 in·

832 3595 996 3693 fra).
1108 3596 1289 3670 Hinc
1336 3598 1775 3694 antiquissimi
1835 3600 2052 3673 libelli
2091 3600 2506 3696 grammatici
2561 3599 2633 3672 in
2683 3603 2947 3696 punctis
2994 3597 3387 3672 definiendis
3438 3595 3970 3693 explicandisque

833 3718 904 3788 in
951 3714 1212 3788 ordines
1258 3716 1635 3813 digerendis
1683 3727 1750 3792 et
1797 3717 1878 3790 ad
1932 3743 2219 3809 canones
2271 3716 2586 3815 quosdam
2636 3718 3034 3792 revocandis
3083 3717 3231 3788 fere
3278 3723 3666 3799 versantur3
3739 3710 3973 3806 quibus

835 3835 1252 3908 accedebant
1318 3838 1877 3911 masorethici
1941 3863 2005 3923 s.‚
2047 3837 2261 3910 critici
2322 3838 2394 3908 in
2440 3837 2746 3910 notandis
2796 3845 2866 3911 et
2913 3832 3306 3932 colligendis
3357 3831 3526 3904 locis
3575 3826 3971 3901 difficiliori-

832 3955 954 4027 bus
1000 3963 1071 4027 et
1113 3957 1428 4030 anomalis
1477 3957 1577 4028 vel
1627 3957 2062 4030 controversis
2104 3959 2439 4055 occupati.
2537 3957 2725 4030 Idem
2769 3957 2834 4028 fe
2871 3981 2909 4029 e
2961 3953 3130 4053 apud
3190 3951 3247 4025 S
3276 3974 3462 4046 yros
3524 3956 3594 4022 et
3638 3943 3970 4019 Arabas

834 4075 1112 4147 similem
1174 4077 1255 4148 ob
1320 4097 1584 4147 causam
1648 4075 1899 4149 sactum·
1957 4076 2369 4172 accepimus=
2466 4075 2578 4149 ubi
2629 4077 2794 4148 artis
2848 4073 3321 4172 grammaticae
3386 4076 3455 4141 et
3503 4066 3776 4140 criticae
3826 4063 3973 4162 pri-

794 4194 1091 4268 *mordia
1162 4219 1204 4266 a
1253 4218 1478 4269 vocum
1526 4194 1702 4267 lectu
1754 4194 2196 4269 difficiliorum
2272 4194 2389 4268 vel
2441 4204 3017 4269 controversatum
3064 4191 3529 4290 punctatione,
3619 4184 3742 4256 vel
3793 4207 3833 4255 a
3879 4183 3971 4254 li-

836 4315 1030 4386 bellis
1078 4312 1157 4387 de
1201 4320 1388 4387 recte
1440 4312 1768 4386 scribendi
1818 4322 1886 4388 et
1934 4313 2197 4412 legendi
2230 4339 2324 4388 ss.
2353 4315 2563 4389 libros
2610 4316 2871 4390 ratione
2904 4309 3415 4411 (orthographia
3457 4301 3969 4400 etorthoepifi),

1016 4577 1204 4679 Γ2).ιιῐ.
1241 4618 1399 4672 locos
1438 4616 1732 4671 Talmudis
1768 4624 1945 4671 artem
1980 4617 2149 4670 istam
2186 4608 2304 4670 tum
2339 4617 2531 4687 pueris
2567 4616 2738 4670 etiam
2775 4630 2878 4685 pro
2908 4614 3169 4668 mercede
3205 4610 3783 4668 “adstante-tntu
3817 4602 3965 4671 ⁸1²¹!d

835 4699 978 4755 Lud.
1019 4700 1341 4777 Cappellum
1376 4719 1493 4758 arc.
1530 4710 1715 4772 punct.
1751 4703 1925 4757 revel.
1964 4719 2018 4773 p.
2051 4703 2120 4758 30
2163 4703 2400 4774 197⁸qq.
2479 4701 2757 4773 Buaetorf.
2796 4709 2984 4771 punct.
3021 4706 3138 4754 ant.
3178 4713 3237 4768 p.
3258 4696 3464 4767 eosqq.
3499 4756 3520 4770 Ι
