4673 5897
1854 248 2810 397 ‚mzm

835 486 1009 559 hunc
1056 487 1415 585 sapientiae
1460 489 1710 563 fontem
1762 495 2113 569 extollant.
2206 493 2318 565 -Ac
2351 494 2654 595 primum,
2677 499 2937 596 quidem
3001 500 3481 597 scriptores
3542 502 3742 600 ipsos,
3799 506 3977 578 anti-

842 606 1106 702 qui’bres
1138 617 1377 701 «certe,
1446 609 1673 682 ordine
1714 637 2059 685 recensere
2107 636 2452 710 eorumque
2504 606 2761 691 libellos
2810 621 2920 717 qni
2976 627 3262 692 aetatem
3323 622 3614 694 tulerunt
3666 646 3975 719 quorum·-

843 750 966 822 qne
1013 718 1405 801 mihfisacta
1455 737 1558 801 est
1599 732 1788 827 copia
1840 732 2021 825 (nam
2077 732 2391 804 rarissimi
2439 741 2666 829 sunt),
2720 738 3090 811 accuratius
3144 737 3514 811 describere
3560 743 3769 814 visum
3834 751 3973 830 est3

803 845 1114 945 deinde,
1163 846 1223 918 si
1272 846 1540 939 licebit,
1615 861 2080 946 praecepta
2146 850 2245 923 de
2297 855 2392 922 ea
2442 859 2530 925 re
2591 859 2931 955 potiora
3012 881 3179 954 quae
3226 858 3295 928 in
3342 858 3735 932 Masorah
3792 861 3978 935 inve-

842 965 1110 1037 niuntur
1152 966 1497 1039 emendata
1547 974 1614 1039 et
1662 967 1991 1039 illustrata
2033 970 2464 1043 exhibiturus.

1144 1081 1297 1157 Jam
1366 1088 1426 1158 si
1487 1086 1676 1157 initia
1736 1085 1929 1180 hujus
1997 1087 2384 1186 disciplinae
2445 1088 2839 1185 repetimus,
2929 1093 3011 1166 ad
3075 1096 3222 1192 ipsa
3286 1095 3448 1168 artis
3509 1100 3977 1194 grammaticae
4105 1124 4110 1125 ⁷

850 1202 1021 1300 apud
1071 1199 1366 1276 Judaeos
1413 1203 1770 1300 primordia
1820 1214 1999 1279 retro
2040 1207 2336 1279 ferimur.
2439 1207 2636 1281 Haec
2687 1209 2901 1302 enim,
2978 1215 3038 1285 si
3088 1237 3128 1285 a
3170 1215 3705 1313 lexicograplniae
3762 1217 3973 1289 initiis

844 1319 1220 1394 discesseris
1267 1328 1464 1420 (quae
1506 1322 1790 1395 omnium
1839 1325 2052 1419 prima
2100 1326 2300 1399 fuisse
2325 1328 2652 1420 videntur)
2697 1329 2877 1402 circa
2925 1335 3547 1427 punctationem
3594 1336 3847 1433 (ἿἺῙΒὉ
3875 1365 3967 1400 =

844 1442 1075 1538 Ἷῆῑῦἒ)
1131 1442 1197 1513 b.
1252 1468 1310 1514 e.
1358 1442 1671 1513 vocalium
1728 1452 2240 1541 accentuumqne
2306 1471 2431 1519 nec
2470 1471 2603 1519 non
2652 1450 3152 1523 consonantium
3209 1454 3669 1549 ambiguarum
3720 1455 3975 1550 punctis

840 1562 1159 1659 appositis
1206 1561 1604 1653 notationem
1626 1614 1649 1653 ,
1725 1562 1868 1633 fere
1918 1571 2175 1636 versata
2232 1565 2441 1638 fuisse
2507 1565 3099 1663 deprehenduntur.
3231 1570 3421 1663 Quod
3476 1598 3561 1645 ex
3611 1573 3974 1669 scripturae

838 1680 1213 1754 Hebraicae
1268 1676 1754 1776 Semiticaeque
1814 1681 2159 1755 universae
2210 1687 2467 1757 ratione
2532 1686 2874 1782 petendum
2900 1713 2959 1778 ς,
3017 1713 3211 1785 quam
3280 1698 3543 1763 constat
3612 1690 3975 1787 antiquitus

691 1883 706 1901 ἱ
841 1802 1039 1872 meris
1081 1800 1228 1873 fere
1275 1801 1780 1872 consonantibus
1842 1798 1934 1893 (si
1984 1798 2133 1873 Van
2187 1813 2254 1876 et
2301 1803 2433 1877 Jod
2483 1806 2860 1901 exceperis)
2911 1809 3208 1899 absolvi,
3291 1816 3559 1881 caetera
3606 1834 3763 1882 vero
3791 1833 3975 1905 “quae
4065 1852 4069 1857 -

841 1918 925 1991 ad
974 1919 1181 1991 vivum
1231 1941 1587 1990 sermonem
1641 1920 1976 2015 pertinent
2023 1922 2385 2020 quibusque
2437 1924 2625 2020 quasi
2675 1923 3049 1998 animantur
3094 1935 3530 2002 consonantes
3554 1979 3579 2019 ,
3637 1930 3973 2024 ignorare,

837 2038 1322 2134 legentiumque
1377 2060 1455 2109 ac
1522 2039 1942 2111 recitantium
2010 2043 2176 2113 arti
2240 2043 2638 2139 relinquere.
2777 2043 2964 2136 Quae
3012 2069 3123 2120 ars
3176 2072 3373 2143 quum
3425 2049 3494 2118 in
3531 2046 3814 2144 publica
3858 2070 3974 2118 sa-

837 2181 1091 2230 crorum
1157 2157 1472 2229 librorum
1537 2157 1930 2232 recitatione
1992 2185 2112 2257 per
2161 2170 2258 2233 tot
2308 2184 2677 2259 synagogas
2730 2163 2983 2237 usitata
3028 2166 3466 2263 maximopere
3521 2165 3974 2262 requireretur

836 2277 1225 2372 maximique
1282 2299 1394 2348 res
1459 2284 1633 2350 esset
1687 2279 2034 2351 momenti:
2114 2281 2195 2351 ab
2254 2280 2723 2378 antiquissimis
2792 2281 2948 2356 inde
3011 2286 3417 2381 temporibus
3463 2309 3727 2382 quorum
3774 2272 3974 2356 'nobis

835 2397 1082 2467 tradita
1147 2403 1253 2468 est
1313 2396 1628 2468 memoria
1696 2398 1970 2471 multum
2032 2399 2096 2471 ei
2146 2399 2456 2472 tribuisse
2507 2408 2573 2471 et
2618 2399 2977 2474 tradendae
3026 2426 3290 2497 operam
3353 2402 3631 2477 navasse
3685 2400 3973 2474 videmus

833 2513 1233 2590 ludaeorum
1282 2515 1629 2611 magistros
1658 2512 1715 2569 ²)
1737 2567 1763 2608 ,
1815 2516 2052 2608 donec,
2099 2526 2377 2614 urgente
2428 2517 2865 2610 necessitate,
2926 2518 3189 2592 tandem
3244 2522 3352 2593 vel
3400 2520 3622 2593 inviti*
3646 2516 3971 2610 Syrorum

832 2622 1218 2706 Arabum've
1272 2636 1574 2731 exemplo
1624 2635 1708 2708 ad
1759 2638 2359 2734 punctationis
2423 2635 2767 2710 artificium
2812 2637 3350 2711 introducendum
3392 2638 3786 2736 linguaeque
3829 2638 3973 2711 usi-

831 2751 953 2823 bus
998 2752 1242 2826 sensim
1293 2755 1902 2829 accommodandum
1955 2735 2530 2855 et⁸expoliendnm
2582 2757 2939 2831 ferrentur.
3034 2757 3184 2849 Quo
3251 2733 3480 2852 facto,
3552 2781 3686 2830 non
3735 2757 3970 2830 mirum

835 2877 940 2944 est
993 2895 1242 2945 omnem
1295 2898 1566 2971 operam
1631 2877 2279 2975 grammaticam
2348 2878 2630 2977 primum
2694 2879 2765 2951 in
2829 2903 2907 2952 eo
2970 2877 3375 2975 potissimum
3432 2863 3716 2977 positam
3765 2877 3969 2951 fnisse

826 2997 901 3062 ut
943 3014 1187 3064 novum
1237 2992 1398 3065 illud
1444 3004 1837 3092 punctorum
1877 2995 2227 3071 artificium
2278 3023 2319 3071 a
2364 2999 2724 3072 lectoribus
2773 3007 2954 3074 recte
3008 3005 3080 3072 et
3127 2998 3618 3096 intelligeretur
3665 3006 3736 3072 ct
3774 2998 3969 3073 libris

831 3107 1041 3181 sacris
1089 3107 1540 3202 adhiberetur,
1604 3112 1908 3208 idemque
1954 3114 2077 3183 sibi
2121 3116 2542 3209 proposuisse
2596 3116 2765 3210 quod
2811 3115 3079 3186 oralis
3152 3116 3593 3186 institutio
3655 3116 3980 3205 bueus-2

831 3253 982 3324 que
1035 3226 1467 3324 praestiterat
1497 3228 1643 3302 lue.
1684 3229 2168 3303 lectoribus
2217 3231 2629 3305 librorum
2674 3257 2767 3304 ss.
2820 3231 2920 3303 ad
2968 3232 3969 3327 rectepronunciandum

830 3346 1410 3420 instituendis
1461 3347 1876 3440 inserviissc3
1944 3374 2134 3446 quem
2180 3347 2378 3423 finem
2427 3350 2840 3447 sequioribus
2892 3374 3143 3446 qnoque
3193 3350 3594 3460 temporibus
3646 3351 3965 3446 ejusmodi

826 3472 1044 3548 libelli
1107 3496 1241 3545 non
1299 3497 1452 3547 raro
1502 3474 1644 3570 ipso
1692 3476 1883 3550 titulo
1933 3500 2093 3573 prae
2139 3500 2212 3548 se
2279 3477 2504 3549 ferunt
2552 3475 2657 3571 (ut
2705 3479 2921 3579 ΝἙΡΓ]
2966 3480 3112 3577 1³13,
3175 3474 3413 3576 14ᾙῆᾕῖ
3456 3468 3715 3582 ΠἿἿἾΠ
3750 3503 3809 3551 v.
3860 3478 3967 3548 in-

827 3590 990 3688 fra).
1102 3591 1283 3665 Hinc
1331 3593 1770 3691 antiquissimi
1831 3595 2046 3668 libelli
2085 3597 2503 3691 grammatici
2556 3596 2628 3668 in
2678 3600 2941 3694 punctis
2987 3596 3379 3670 definiendis
3430 3597 3963 3693 explicandisque

827 3713 896 3783 in
944 3709 1206 3782 ordines
1252 3711 1631 3808 digerendis
1678 3723 1746 3786 et
1791 3714 1873 3785 ad
1926 3737 2213 3804 cano-nes
2265 3712 2581 3810 quosdam
2629 3715 3026 3789 revocandis
3075 3715 3221 3787 fere
3267 3723 3656 3802 versantur3
3731 3712 3964 3809 quibus

829 3829 1246 3903 accedebant
1311 3857 1375 3903 m
1394 3833 1869 3906 asorethici
1935 3858 1998 3918 s.,
2039 3832 2255 3905 critici
2315 3833 2389 3904 in
2433 3833 2739 3907 notandis
2790 3842 2859 3907 et
2907 3831 3297 3930 colligendis
3348 3831 3516 3903 locis
3565 3829 3964 3903 difficiliori-

828 3949 946 4022 bus
992 3956 1063 4021 et
1105 3950 1422 4023 anomalis
1470 3952 1569 4023 vel
1620 3953 2056 4025 controversis
2097 3952 2432 4049 occupati.
2530 3953 2720 4026 Idem
2762 3953 2826 4025 fe
2864 3979 2902 4025 e
2952 3951 3122 4050 apud
3181 3949 3452 4046 Syros
3516 3959 3586 4023 et
3632 3941 3963 4023 Arabas

827 4069 1106 4141 similem
1167 4071 1246 4142 ob
1313 4092 1576 4142 causam
1640 4071 1892 4144 factum·
1949 4071 2362 4167 accepimns:
2461 4071 2573 4145 ubi
2622 4073 2787 4145 artis
2840 4071 3312 4170 grammaticae
3378 4077 3445 4141 et
3496 4069 3770 4143 criticae
3818 4070 3963 4168 pri-

788 4188 1085 4262 ·mordia
1155 4213 1196 4261 a
1244 4213 1470 4264 vocum
1516 4191 1695 4263 lectu
1746 4189 2190 4263 difficiliorum
2265 4190 2383 4263 vel
2435 4199 3007 4265 controversatum
3055 4191 3523 4288 punctatione,
3614 4189 3734 4261 vel
3784 4212 3823 4260 a
3869 4188 3960 4258 li-

831 4308 1022 4379 bellis
1071 4306 1150 4381 de
1194 4316 1378 4384 recte
1431 4307 1760 4382 scribendi
1809 4317 1879 4384 et
1925 4308 2189 4407 legendi
2222 4334 2316 4383 ss.
2345 4310 2557 4384 libros
2604 4312 2862 4386 ratione
2896 4308 3406 4409 (orthographia
3450 4307 3960 4405 et‘orthoepia),

1024 4609 1193 4673 2).ct.
1231 4612 1391 4667 locos
1430 4612 1723 4668 Talmudis
1759 4619 1936 4667 artem
1971 4612 2140 4665 istam
2177 4603 2295 4665 tim
2330 4613 2522 4682 pueris
2558 4612 2730 4666 etiam
2766 4628 2868 4682 pro
2897 4613 3160 4667 mercede
3197 4613 3480 4670 traditam
3500 4619 3773 4668 testantes
3808 4607 3957 4677 apud

825 4692 968 4749 Lud.
1009 4695 1333 4770 Cappa-llum
1368 4713 1486 4752 arc.
1521 4706 1706 4767 punct.
1742 4698 1916 4753 revel.
1956 4714 2009 4768 p.
2042 4698 2111 4753 31)
2153 4698 2256 4753 197
2269 4715 2390 4769 sqq.
2469 4697 2747 4769 Buca-torf.
2787 4706 2975 4768 punct.
3013 4705 3129 4754 ant.
3169 4715 3229 4769 p.
3249 4699 3452 4771 Stisqq.
3485 4759 3508 4773 l
