4673 5897
597 1277 873 1418 auae
928 1324 1269 1385 externam
1323 1308 1411 1383 V.
1466 1310 1555 1383 T.
1608 1310 1891 1382 formam
1939 1309 2129 1383 nobis
2177 1332 2215 1380 a
2269 1306 2552 1381 sacculis
2596 1304 2906 1380 traditam
2959 1310 3385 1403 constituunt,
3440 1308 3720 1383 omnium

600 1437 798 1530 longe
849 1431 1409 1504 intricatissimam
1499 1439 1568 1503 et
1654 1430 2248 1503 reconditissimam
2327 1436 2586 1524 partem
2667 1434 2930 1502 constat
3015 1452 3163 1500 esse
3234 1436 3722 1503 accentuum

602 1577 878 1648 agmen,
927 1560 1064 1622 tum
1108 1550 1254 1645 ipsa
1305 1550 1640 1647 signorum
1690 1548 2148 1640 multitudiue,
2214 1557 2353 1620 tum
2403 1546 2705 1621 ordinum
2754 1548 2851 1619 vel
2902 1545 3222 1644 graduum
3272 1571 3396 1671 quo
3448 1546 3724 1619 distinc-

597 1678 734 1740 tum
795 1680 896 1743 est
955 1668 1281 1743 varietate
1346 1654 1933 1765 impeditissimum.
2046 1666 2278 1764 Neque
2345 1668 2415 1738 in
2489 1664 2944 1765 perspicienda
2991 1666 3131 1763 ejus
3189 1666 3535 1741 internfi
3595 1667 3728 1738 in-

598 1788 785 1859 dole
854 1813 933 1861 ac
1012 1790 1360 1861 ratione
1440 1786 1842 1861 Judaeorum
1908 1787 2280 1884 magistris,
2355 1812 2397 1859 a
2457 1788 2691 1882 quibus
2757 1787 3121 1859 nniversam
3193 1787 3457 1882 linguae
3517 1786 3726 1860 Hebr.

596 1894 1097 2006 grammaticam
1153 1907 1547 2003 accepimus,
1600 1907 1874 1980 multum
1916 1906 2249 2003 juvamur.
2357 1906 2646 1999 Quorum
2698 1930 2906 2004 opera
2957 1906 3016 1976 si
3064 1906 3134 1976 in
3171 1904 3454 1977 caeteris
3505 1928 3729 2002 gram-

599 2029 880 2100 maticae
928 2027 1225 2123 partibus
1277 2025 1360 2097 ad
1409 2026 1878 2123 intelligendas
1928 2050 2143 2101 rerum
2202 2018 2505 2099 causas
2556 2048 2684 2097 non
2737 2049 2980 2122 magna
3030 2030 3157 2116 est,
3209 2025 3316 2097 hic
3355 2024 3498 2097 fere
3544 2023 3729 2096 nulla

601 2171 749 2219 esse
817 2145 1368 2241 deprehenditur:
1452 2146 1579 2241 ipsi
1643 2146 1819 2217 enim
1866 2145 2176 2240 mysteria
2225 2145 2371 2240 ejus
2413 2168 2485 2216 se
2537 2146 2850 2240 ignorare
2903 2145 3227 2236 fatentur,
3304 2144 3729 2241 amissamque

599 2267 917 2361 musicam
960 2265 1315 2355 coelestem
1365 2264 1588 2336 multis
1638 2272 2035 2361 queruntur,
2117 2287 2312 2361 quam
2362 2263 2489 2335 nisi
2542 2261 2834 2336 Messiae
2879 2262 3168 2336 advento
3225 2264 3597 2336 restitutum
3645 2262 3733 2334 iri

600 2382 954 2481 desperant
989 2380 1070 2452 ¹).
1221 2382 1413 2455 Haec
1476 2382 1669 2478 adyta
1747 2383 2097 2456 reclusisse
2163 2381 2685 2456 Christianorum
2763 2382 3334 2479 grammaticorum
3396 2384 3539 2460 laus
3602 2390 3730 2475 est,

605 2500 1141 2599 quemadmodum
1212 2504 1418 2574 totius
1470 2502 1916 2598 punctationis
1979 2496 2173 2598 atqu'e
2248 2503 2587 2575 universae
2654 2503 2941 2599 linguae.
3082 2500 3311 2598 Neque
3368 2510 3586 2575 tamen
3654 2526 3731 2574 eo

598 2621 967 2717 spernenda
1012 2647 1284 2718 prorsus
1339 2631 1443 2694 est
1493 2621 1889 2695 Judaeorum
1933 2646 2136 2717 opera
2180 2624 2424 2719 suaque
2475 2622 2667 2707 laude
2710 2620 3058 2719 privanda.
3166 2620 3590 2719 Relinquitur
3635 2622 3736 2693 his

599 2741 932 2836 provincia
1002 2742 1271 2839 propria
1336 2742 1404 2812 in
1455 2744 1583 2838 qua
1627 2764 1756 2813 non
1817 2742 1960 2814 sine
2022 2742 2239 2814 fructu
2289 2741 2732 2832 desudarunt,
2805 2749 2873 2813 et
2920 2742 3383 2814 auctoritatem
3430 2765 3547 2814 suo
3586 2741 3736 2836 jure

602 2861 787 2930 nacti
852 2866 1004 2929 sunt
1068 2842 1154 2930 ad
1225 2884 1420 2957 qnam
1483 2861 1670 2931 nobis
1728 2860 2238 2958 confugiendum
2289 2868 2431 2941 xest.
2567 2860 2662 2943 Ut
2712 2859 2883 2930 enim
2943 2883 3072 2930 non
3135 2860 3351 2931 solum
3393 2860 3736 2933 universae

603 2978 877 3072 linguae
941 2973 1138 3050 so'nos
1199 2978 1550 3074 modosque
1614 2981 2038 3074 punctatione
2112 2981 2302 3052 nobis
2377 2979 2794 3052 tradiderunt
2858 3001 3206 3074 verumque
3267 2978 3741 3075 pronunciandi

604 3096 860 3168 modum
910 3097 1279 3194 praeceptis
1344 3098 1479 3167 suis
1534 3098 1913 3188 accuratius
1934 3183 1947 3190 ,
1952 3095 2330 3200 docuerunt
2342 3148 2369 3188 ,
2443 3095 2560 3168 sed
2615 3095 2813 3169 etiam
2857 3120 3022 3192 quae
3070 3096 3139 3167 in
3192 3120 3446 3194 quoqne
3495 3121 3740 3193 genere

604 3217 855 3287 rariora
926 3218 1039 3289 vel
1088 3216 1392 3288 anomala
1442 3224 1509 3288 et
1569 3215 1766 3287 dubia
1817 3206 2320 3287 sunt‘notarunt
2372 3227 2439 3287 et
2486 3216 2902 3313 collegerunt
2945 3217 3050 3313 (in
3100 3214 3418 3289 Masorah
3481 3215 3745 3313 praeci-

601 3339 800 3430 pue):
850 3338 947 3409 ita
974 3352 1360 3408 accentuum
1392 3359 1642 3432 quoque
1673 3337 1991 3407 rationem
2047 3342 2481 3406 externam
2529 3375 2629 3391 —
2683 3358 2808 3431 quo
2841 3334 3107 3426 ordine,
3163 3338 3290 3432 qua
3337 3336 3590 3410 numeri
3628 3360 3745 3409 ra-

604 3456 781 3525 tione
831 3457 1000 3527 alter
1042 3457 1315 3526 alterum
1367 3467 1715 3549 sequatur,
1761 3477 2049 3549 quasque
2096 3455 2435 3547 patiantur
2484 3453 2843 3525 anomalias
2886 3463 2953 3524 et
2992 3455 3387 3526 variationes
3403 3506 3428 3545 ,
3475 3454 3743 3527 harum-

612 3589 736 3663 que
786 3575 853 3644 in
906 3601 959 3644 s,
1014 3574 1238 3646 codice
1291 3574 1471 3644 locos
1537 3589 1671 3626 —-‘
1706 3571 2063 3665 diligenter
2113 3578 2428 3670 notarunt
2479 3595 2887 3666 canonesque
2943 3571 3026 3642 ad
3079 3571 3509 3645 dirimendam
3556 3571 3741 3643 codi-

610 3709 753 3756 cum
821 3687 1007 3758 litem
1067 3713 1192 3758 non
1259 3688 1528 3758 inutiles
1596 3687 1784 3758 nobis
1851 3687 2286 3759 tradiderunt.
2423 3688 2569 3781 Qua
2631 3690 2701 3762 in
2750 3691 3089 3786 provincia
3140 3689 3456 3788 quomodo
3505 3690 3793 3762 versati·

610 3804 779 3906 sint,
860 3830 1023 3902 quae
1086 3807 1308 3898 initia,
1389 3830 1682 3904 quaeque
1749 3808 2187 3898 incrementa,
2224 3806 2469 3879 fuerint
2536 3809 2729 3881 istius
2814 3809 3241 3906 disciplinae,
3321 3834 3404 3882 ex
3480 3810 3740 3882 illorum

610 3925 871 4020 scriptis
926 3951 1156 3998 eruere
1205 3949 1334 3998 non
1386 3926 1685 3997 inutilem
1739 3927 2319 4022 operam‘censui3
2425 3928 2806 4024 praesertim
2855 3953 3005 4002 cum
3054 3908 3407 4002 recentiori
3450 3936 3739 4023 tempore
3841 3989 3842 3994 ,

612 4045 990 4134 exstiterint
1037 4048 1184 4143 qui,
1241 4043 1394 4141 quid
1441 4043 1596 4116 huic
1646 4047 1877 4141 generi
1927 4045 2343 4118 tribuendum
2400 4048 2489 4119 sit
2541 4050 2789 4139 nescii,
2844 4048 3182 4120 liberalius
3233 4072 3427 4145 quam
3479 4072 3600 4143 par
3643 4053 3742 4116 est

808 4297 868 4358 1)
909 4297 1182 4354 cnvoces
1219 4314 1412 4352 eorum
1450 4300 1597 4370 apud
1613 4295 1990 4364 Buoetorfium
2027 4299 2098 4350 de
2134 4292 2250 4351 ant.
2284 4305 2472 4366 punct.
2513 4315 2566 4368 p.
2582 4299 2775 4357 243212.
2803 4299 3175 4369 coll-p.360s.
3244 4300 3477 4353 Scilicet
3510 4296 3568 4348 hi
3604 4312 3738 4350 mu·

612 4381 837 4432 sicam
875 4390 1206 4438 accentuum
1242 4386 1522 4438 rationem
1560 4401 1714 4450 esse,
1755 4393 1815 4438 et
1846 4382 2173 4448 Davidicos·
2209 4382 2436 4452 quidem
2472 4385 2670 4454 templi
2715 4385 3058 4439 salomonici
3097 4385 3297 4438 modos
3344 4384 3427 4436 els
3463 4384 3742 4436 contineri

611 4467 759 4531 rati,
811 4468 1258 4524 cantillationem
1303 4472 1364 4523 in
1399 4473 1713 4541 synagogis
1747 4471 2015 4523 usitatam
2064 4476 2330 4537 tanquam
2367 4471 2630 4524 miseram
2678 4470 2837 4524 illius
2871 4471 3123 4524 umbram
3158 4470 3526 4538 spernebant3
3584 4469 3742 4522 fasti-

614 4552 901 4606 diosior-es
934 4553 1023 4605 illi
1060 4557 1286 4623 quidem
1322 4572 1548 4609 suarum
1585 4572 1771 4609 rerum
1808 4557 2235 4622 aestimatores,
2293 4562 2353 4607 et
2383 4571 2522 4610 vero
2559 4558 2872 4620 rectiores,
2922 4571 3085 4624 quam
3122 4555 3378 4607 nonnulli
3416 4571 3485 4609 ex
3525 4562 3740 4608 nostra·

612 4637 765 4692 tibus
803 4653 946 4707 quos
983 4639 1155 4692 audio
1192 4656 1383 4695 rursus
1417 4643 1478 4694 in
1514 4642 1637 4710 ejus
1674 4642 2436 4710 admirationem‘abreptos,
2486 4645 2567 4695 lta
2597 4649 2663 4695 ut
2695 4657 2884 4696 veram
2920 4639 3027 4694 hae
3062 4639 3250 4692 inesse
3288 4649 3616 4696 accentuum
3654 4656 3739 4694 ra-

613 4724 860 4789 tionem,
897 4734 997 4780 aut
1030 4732 1186 4779 certe
1218 4730 1493 4789 musicam
1529 4728 1788 4797 primitus
1821 4726 2000 4781 fuisse
2034 4732 2302 4788 statuant.

3293 4834 3333 4905 1
