4673 5897
599 1272 874 1414 Quae
929 1318 1272 1381 externam
1324 1303 1413 1377 V.
1467 1306 1557 1378 T.
1610 1305 1893 1378 sormam
1940 1305 2130 1379 nobis
2178 1327 2217 1375 a
2271 1302 2553 1377 saeculis
2598 1298 2910 1376 traditam
2962 1304 3387 1398 constituunt,
3442 1303 3724 1378 omnium

602 1432 800 1526 longe
851 1425 1412 1499 intricatissimam
1501 1436 1569 1499 et
1655 1424 2249 1498 reconditissimam
2328 1432 2588 1520 partem
2669 1429 2934 1498 constat
3019 1447 3166 1494 esse
3235 1431 3725 1498 accentuum

604 1573 881 1644 agmen,
930 1556 1065 1619 tum
1109 1546 1256 1641 ipsa
1307 1546 1642 1642 signorum
1692 1543 2150 1635 multitudine,
2215 1553 2355 1616 tum
2405 1542 2707 1617 ordinum
2757 1543 2854 1615 vel
2905 1540 3225 1640 graduum
3275 1566 3400 1640 quo
3450 1541 3727 1614 distinc-

599 1674 736 1736 tum
797 1677 898 1739 est
958 1665 1284 1737 varietate
1348 1648 1935 1761 impeditissimum.
2047 1661 2280 1760 Neque
2347 1663 2419 1734 in
2490 1660 2946 1760 perspicienda
2995 1660 3136 1757 ejus
3194 1650 3368 1732 inte
3385 1662 3537 1736 rna
3598 1661 3730 1733 in-

601 1784 787 1856 dole
856 1809 935 1857 ac
1014 1785 1362 1857 ratione
1442 1782 1843 1857 Judaeorum
1910 1782 2282 1879 magistris,
2357 1807 2398 1854 a
2459 1784 2694 1877 quihus
2760 1782 3126 1853 universam
3197 1780 3460 1876 linguae
3519 1781 3728 1855 Hebr.

599 1891 1100 2002 grammaticam
1154 1903 1550 1999 accepimus,
1603 1903 1877 1975 multum
1918 1902 2251 1998 juvamur.
2358 1902 2649 1994 Quorum
2701 1925 2908 1999 opera
2960 1901 3018 1972 si
3067 1900 3138 1971 in
3175 1898 3457 1972 caeteris
3507 1923 3731 1995 gram-

602 2010 884 2096 maticae
930 2023 1228 2119 partibus
1279 2022 1361 2095 ad
1411 2023 1881 2119 intelligendas
1930 2046 2147 2097 rerum
2204 2013 2507 2094 causas
2558 2044 2688 2092 non
2740 2044 2982 2117 magna
3032 2026 3160 2111 est,
3212 2019 3320 2091 liic
3360 2017 3501 2090 fere
3548 2017 3731 2090 nulla

604 2168 752 2214 esse
819 2141 1371 2238 deprehenditur:
1454 2143 1582 2237 ipsi
1646 2142 1821 2213 enim
1870 2141 2179 2236 mysteria
2228 2140 2373 2235 ejus
2416 2164 2487 2211 se
2539 2142 2852 2236 ignorare
2905 2139 3229 2231 fatentur,
3307 2138 3731 2235 amissamque

603 2262 919 2355 musicam
962 2261 1316 2351 coelestem
1365 2261 1590 2332 multis
1640 2268 2037 2356 queruntur,
2119 2282 2313 2356 quam
2365 2259 2492 2331 nisi
2545 2256 2836 2332 Messiae
2882 2257 3171 2331 adventii
3229 2259 3600 2331 restitutum
3648 2255 3736 2327 iri

603 2378 956 2477 desperant
991 2377 1072 2450 ¹).
1223 2378 1416 2452 Haec
1478 2378 1672 2473 adyta
1749 2377 2100 2451 reclusisse
2165 2377 2688 2451 Christianorum
2766 2378 3335 2475 grammaticorum
3397 2378 3542 2455 laus
3605 2383 3733 2467 est,

600 2496 1142 2595 =quemadmodum
1214 2499 1419 2571 totius
1472 2498 1918 2594 punctationis
1981 2491 2175 2594 atqu'e
2250 2499 2589 2571 universae
2657 2498 2944 2594 linguae.
3085 2495 3313 2593 Neque
3369 2504 3587 2569 tamen
3655 2518 3733 2568 eo

602 2616 970 2713 spernenda
1015 2642 1285 2714 prorsus
1341 2627 1445 2690 est
1495 2616 1889 2690 Judaeorum
1936 2641 2139 2713 opera
2183 2619 2428 2715 suaque
2479 2617 2670 2703 laude
2712 2616 3060 2714 privanda.
3168 2616 3591 2713 Relinquitur
3636 2615 3738 2687 his

601 2736 935 2832 provincia
1004 2738 1273 2833 propria
1338 2739 1406 2807 in
1457 2739 1585 2832 qua
1630 2760 1756 2809 non
1820 2738 1962 2809 sine
2024 2738 2243 2809 fructu
2292 2736 2735 2827 desudarunt,
2808 2746 2876 2809 et
2923 2736 3385 2809 auctoritatem
3431 2759 3548 2808 suo
3586 2734 3738 2830 jure

605 2857 791 2926 nacti
856 2862 1007 2925 sunt
1071 2836 1155 2925 ad
1228 2879 1422 2952 quam
1486 2856 1673 2926 nobis
1731 2855 2240 2953 confugiendum
2292 2863 2435 2936 xest.
2570 2856 2665 2940 Ut
2715 2854 2886 2925 enim
2947 2878 3075 2925 non
3138 2855 3352 2925 solum
3396 2853 3738 2926 universae

607 2974 881 3068 linguae
945 2969 1141 3045 so'nos
1202 2973 1551 3070 modosque
1617 2976 2041 3069 punctatione
2115 2976 2305 3046 nobis
2381 2975 2798 3047 tradiderunt
2861 2995 3208 3068 verumque
3267 2972 3742 3070 pronunciandi

608 3092 863 3164 modum
913 3092 1281 3189 praeceptis
1347 3093 1481 3163 suis
1537 3092 1915 3184 accuratius·
1938 3090 2372 3195 q-docuerunt,
2445 3092 2562 3164 sed
2618 3090 2816 3165 etium
2859 3116 3025 3188 quae
3073 3092 3141 3162 in
3195 3114 3447 3188 quoque
3498 3115 3742 3188 genere

608 3213 859 3283 rariora
929 3214 1044 3283 vel
1090 3211 1396 3283 anomala
1443 3219 1512 3282 et
1573 3211 1770 3283 dubia
1819 3201 2323 3283 sunt‘notarunt
2374 3223 2442 3282 et
2488 3211 2905 3307 collegerunt
2948 3212 3050 3308 (in
3102 3209 3421 3283 Masorah
3483 3210 3747 3308 praeci-

605 3333 803 3426 pue):
854 3334 950 3404 ita
977 3347 1361 3404 accentuum
1395 3355 1645 3427 quoque
1675 3333 1994 3402 rationem
2050 3340 2485 3402 externam
2532 3370 2632 3386 —
2685 3354 2812 3426 quo
2843 3330 3109 3420 ordine,
3165 3332 3292 3425 qua
3340 3331 3593 3402 numeri
3630 3355 3746 3404 ra-

608 3452 784 3521 tione
834 3452 1004 3522 alter
1045 3453 1318 3522 alterum
1370 3462 1718 3544 sequatur,
1764 3471 2052 3545 quasque
2100 3451 2438 3541 patiantur
2487 3448 2845 3519 anomaliae
2888 3457 2955 3519 et
2995 3449 3430 3539 variationeS,
3477 3449 3745 3520 harum-

615 3585 739 3657 que
788 3570 858 3639 in
909 3597 963 3640 s,
1017 3569 1242 3641 codice
1294 3570 1474 3639 locos
1540 3584 1677 3621 --·
1709 3567 2065 3660 diligenter
2115 3573 2431 3664 nqtaruut
2475 3587 2889 3661 *canonesque
2946 3565 3029 3638 ad
3082 3565 3510 3639 dirimendam
3558 3565 3743 3637 codi-

613 3705 756 3752 cum
826 3683 1009 3755 litem
1069 3708 1194 3753 non
1262 3684 1532 3753 inutiles
1598 3683 1787 3754 nobis
1855 3681 2289 3754 madida-‚unt
2424 3683 2572 3775 Qua
2634 3684 2705 3756 in
2752 3685 3091 3780 provincia
3142 3684 3458 3781 quomodo
3509 3686 3796 3756 versati·

613 3800 783 3904 sint,
863 3827 1026 3897 quae
1090 3802 1312 3894 initia,
1392 3824 1685 3899 quaeque
1752 3803 2159 3875 incrementa
2227 3802 2471 3874 fuerint
2538 3804 2730 3876 istius
2817 3804 3243 3901 disciplinae,
3323 3829 3407 3877 ex
3482 3804 3743 3902 illorum

613 3919 875 4016 scriptis
929 3946 1159 3994 eruere
1208 3945 1338 3993 non
1390 3921 1690 3992 inutilem
1742 3944 2039 4016 operam
2055 3922 2322 4013 censui3
2429 3923 2808 4019 praesertim
2858 3947 3005 3996 eum
3057 3924 3409 3996 recentiori
3452 3931 3743 4019 tempore

615 4041 994 4112 exstiterint
1040 4043 1189 4140 qui,
1244 4038 1398 4136 quid
1444 4038 1599 4112 huic
1649 4042 1880 4136 generi
1931 4039 2349 4112 tribuendum
2403 4044 2492 4114 sit
2543 4044 2792 4134 nescii,
2846 4043 3184 4116 liberalius
3235 4067 3430 4139 quam
3481 4067 3603 4139 par
3645 4048 3742 4111 est

811 4293 870 4354 1)
913 4294 1185 4350 Cin-oceo
1223 4310 1415 4348 eorum
1453 4295 1602 4365 apud
1616 4290 1994 4359 Buxtorfium
2030 4293 2103 4345 de
2137 4287 2253 4346 ant.
2286 4299 2474 4360 punct.
2515 4293 2685 4362 p.243
2700 4311 2777 4352 ss.
2805 4294 3179 4364 cell-p.3fios.
3247 4295 3480 4348 Scilicet
3513 4291 3571 4343 hi
3607 4308 3741 4345 mu-

616 4377 841 4429 sicam
878 4386 1211 4434 accentuum
1247 4382 1526 4434 rationem
1563 4396 1717 4445 esse,
1758 4388 1819 4433 et
1850 4378 2175 4445 Davidicos.
2211 4378 2438 4447 quidem
2476 4380 2673 4449 templi
2717 4380 3062 4434 Salomonici
3100 4380 3299 4433 modos
3346 4379 3429 4431 eis
3466 4378 3746 4431 contineri

615 4464 762 4527 rati,
814 4464 1261 4519 cantillationem
1308 4468 1367 4519 in
1401 4468 1716 4536 synagogis
1750 4467 2018 4518 usitatam
2068 4472 2332 4532 tanquam
2370 4466 2632 4518 miseram
2680 4465 2839 4519 illius
2874 4466 3125 4519 umbram
3161 4465 3528 4534 spernebant3
3586 4464 3744 4517 fasti·

618 4548 903 4601 diosiores
939 4549 1025 4600 illi
1063 4552 1289 4619 quidem
1326 4567 1551 4605 auarum
1587 4567 1773 4604 rerum
1811 4553 2237 4618 aestimatores,
2296 4557 2355 4603 et
2386 4566 2524 4605 vero
2561 4552 2875 4615 rectiores,
2925 4565 3088 4618 quam
3124 4549 3381 4601 nonnulli
3418 4565 3487 4603 ex
3528 4556 3742 4602 nostra-

617 4633 769 4687 tibus
807 4650 949 4703 quos
986 4636 1157 4689 audio
1194 4651 1387 4691 rursus
1420 4639 1479 4690 in
1517 4638 1640 4706 ejus
1676 4637 2439 4705 admirationemabreptos,
2488 4640 2569 4690 ita
2600 4644 2666 4690 ut
2698 4652 2886 4691 veram
2922 4633 3030 4688 hac
3065 4633 3253 4687 inesse
3290 4643 3619 4691 accentuum
3656 4650 3741 4688 ra-

616 4720 864 4785 tionem,
900 4729 1000 4775 aut
1033 4728 1189 4775 certe
1221 4725 1496 4779 manicam
1531 4724 1791 4792 primitus
1824 4721 2003 4777 fuisse
2038 4727 2306 4782 utatuant.

3295 4828 3336 4899 1

3281 5033 3312 5064 Ο
