4673 5897
1767 220 2240 332 ——13
2394 267 2592 281 ..-

612 431 728 480 cus
777 407 861 479 de
914 405 1447 500 accentibus,
1498 406 1609 500 qui
1658 406 1988 501 copiosius
2036 408 2136 482 ibi
2183 408 2530 483 duodecim
2572 406 2712 479 fere
2759 405 2936 478 foliis
2977 406 3255 504 integris
3282 415 3745 506 pertractatur,

612 525 936 625 ejusmodi
994 532 1098 598 est
1160 533 1232 598 ut
1302 526 1592 622 quamvis
1648 523 2041 622 disciplinae
2104 528 2233 626 ipsi
2300 552 2533 625 parum
2598 533 2728 599 aut'
2767 524 2931 615 nihil
2984 527 3279 601 attulerit
3329 528 3766 621 incrementi,·

607 646 1106 718 historicum
1173 652 1352 716 certe
1415 668 1601 716 usum
1659 645 1854 718 nobis
1912 648 2229 749 praebeat
2290 673 2424 721 non
2487 644 3055 721 contemnendum.
3151 646 3286 721 Hic
3353 649 3522 721 enim
3571 656 3745 723 totus

609 791 696 838 ex
735 763 1213 836 ΒηΕΑΜωΕ
1262 764 1531 836 haustus
1587 787 1732 836 esse
1782 765 2070 838 videtur.
2167 766 2442 841 Certum
2488 769 2617 840 hoc
2668 775 2770 839 est
2819 774 2886 839 et
2939 766 3353 841 manifestum
3400 770 3470 839 in
3517 769 3739 865 capite

608 886 689 958 de
740 884 1114 959 accentibus
1168 885 1260 955 21
1291 884 1613 989 librorum
1655 907 1711 954 s.
1762 887 2197 980 prosaicis
2250 888 2408 983 (fol.
2438 886 2826 984 87—91),
2876 884 3194 987 siquidem
3237 886 3309 957 in
3337 888 3461 960 hoc
3492 888 3740 961 editum
3790 876 3806 883 ’

605 1004 1016 1077 Bileamidae
1079 1004 1377 1076 libellum
1433 1003 1739 1076 conferre
1799 1005 2013 1077 licuit.
2112 1003 2222 1077 Ibi
2289 1009 2563 1105 vestigia
2615 1010 2795 1080 illius
2846 1030 3144 1104 premere
3198 976 3736 1102 deprehenditurz

603 1132 737 1196 tum
805 1127 875 1195 in
941 1146 1214 1195 numero
1280 1121 1799 1194 distinctivorum
1851 1123 2193 1197 duodecim
2245 1110 2706 1201 constituendo
2752 1151 2898 1198 cum
2948 1126 3155 1197 tribus
3203 1125 3741 1198 extraordinariis

603 1244 705 1317 vel
757 1244 1086 1340 ambiguis
1136 1286 1240 1297 -—
1290 1239 1812 1336 Schalscheleth,
1861 1241 2148 1339 Segolta
2208 1254 2277 1320 et
2326 1245 2512 1346 soph
2559 1251 2772 1346 pastiq
2822 1246 2993 1344 (imo
3022 1243 3245 1340 Paseq
3270 1270 3326 1317 s.
3356 1242 3582 1341 pesiq)
3613 1284 3739 1334 —,

597 1371 736 1435 tum
786 1362 1115 1435 divisione
1156 1363 1230 1434 in
1280 1371 1631 1457 nas-mma
1682 1371 1752 1435 et
1796 1362 1875 1437 ’ὓ
1927 1345 2037 1439 &¹7
2089 1365 2239 1462 (qui
2286 1374 2692 1462 repetuntur¹
2721 1364 2824 1438 vel
2879 1389 3009 1436 non
3057 1358 3522 1459 repetuntur)3
3602 1372 3738 1434 tum

596 1481 875 1579 deniqne
921 1482 993 1553 in
1045 1482 1447 1578 singulorum
1493 1482 1864 1556 rationibus
1914 1485 2342 1582 exponendiS,
2395 1510 2552 1583 quas
2605 1484 2831 1558 eodem
2874 1481 3102 1555 ordine
3150 1481 3588 1579 persequitur,
3638 1481 3739 1554 ita

596 1614 819 1674 tamen
863 1607 934 1672 ut
986 1626 1148 1698 quae
1177 1601 1319 1676 Bil.
1371 1608 1604 1698 postca
1652 1601 1734 1674 de
1779 1606 2243 1693 consecutione
2296 1605 2611 1699 (ΠΞΨΙἾ)
2664 1603 3190 1676 distinctivorum
3217 1601 3488 1698 proprio
3517 1603 3739 1696 capite

597 1721 828 1813 habet,
868 1721 1239 1794 distinctivo
1282 1722 1515 1818 cuique
1566 1722 1930 1820 appendat;
2006 1725 2170 1822 ipsis
2217 1724 2357 1797 Bil.
2406 1725 2637 1797 verbis
2687 1724 2948 1821 saepius
2997 1722 3325 1810 servatiS‚
3404 1725 3478 1790 ut
3525 1719 3739 1815 pluri-

592 1867 766 1915 mum
809 1849 1031 1914 tamen
1074 1844 1145 1916 in
1187 1841 1640 1938 compendium
1669 1842 2002 1939 redactis,
2050 1844 2169 1917 sed
2216 1845 2466 1943 passim
2515 1846 2731 1917 minus
2766 1849 3080 1915 accurate
3121 1850 3190 1912 et
3230 1839 3496 1912 confuso
3540 1862 3740 1910 sensu

596 1963 801 2061 (quod
848 1964 918 2034 in
943 1962 1206 2059 Zarqae
1260 1963 1649 2057 praesertim
1699 1964 1915 2060 capite
1967 1964 2237 2059 accidit,
2293 1966 2407 2061 qui
2454 1966 2641 2037 locus
2692 1962 2779 2037 ad
2826 1960 3297 2036 absurditatem
3336 1984 3544 2055 usque
3572 1981 3738 2029 con-

591 2083 782 2163 fusus
840 2082 1021 2176 est),
1103 2080 1329 2175 paucis
1395 2080 1477 2152 de
1540 2104 1655 2152 suo
1722 2081 1983 2154 additis.
2085 2081 2381 2155 Proinde
2444 2083 2553 2156 hic
2620 2090 2944 2157 tractatus
2990 2081 3089 2151 nil
3135 2079 3263 2151 nisi
3312 2077 3739 2149 Bileami-

595 2202 748 2274 dae
796 2199 1167 2296 epitome
1212 2205 1279 2271 et
1332 2225 1523 2273 vero
1577 2201 2038 2296 depravata
2094 2201 2426 2276 censenda
2474 2210 2616 2294 est,
2697 2203 2958 2298 qualem
3003 2198 3180 2272 hand
3229 2198 3365 2270 scio
3414 2221 3501 2269 au
3551 2193 3738 2269 Sim-

592 2323 736 2395 soni
799 2321 926 2418 ipsi
990 2320 1158 2392 tanti
1208 2322 1491 2392 nominis
1547 2323 1972 2417 grammatico
2020 2322 2238 2419 possis
2287 2323 2626 2413 tribuere,
2713 2321 2857 2425 sine
2905 2320 3099 2391 dubio
3143 2316 3230 2390 ad
3279 2317 3471 2413 hujus
3520 2317 3738 2412 epito-

590 2448 910 2513 matorem
962 2438 1330 2512 referenda.
1382 2481 1483 2496 —
1535 2440 1722 2513 Idem
1772 2441 1850 2513 de
1889 2442 2438 2539 poeticorum
2477 2442 2878 2515 tractatione
2930 2433 3076 2534 (fol.
3127 2439 3483 2525 sir—93)
3540 2458 3737 2532 prae-

590 2559 1017 2648 sumendum,
1087 2583 1291 2655 eoque
1342 2560 1589 2632 certius
1641 2562 1809 2657 quod
1863 2561 2199 2635 exordium
2251 2561 2437 2658 ejuS,
2487 2562 2726 2635 docens
2775 2559 3091 2657 quomodo
3137 2558 3207 2629 hi
3255 2560 3563 2631 accentus
3606 2554 3739 2624 dif-

585 2682 808 2753 ferant
863 2702 905 2750 a
950 2679 1275 2773 prosaicis
1288 2729 1314 2769 ‚
1394 2678 1475 2750 ad
1525 2680 1787 2753 verbum
1834 2681 1974 2752 fere
2025 2682 2325 2753 convenit
2370 2706 2516 2755 cnm
2564 2680 2974 2788 Bileamidac
3027 2676 3315 2773 ejusdem
3368 2675 3738 2781 argumenti

3075 324 3120 359 b

585 2914 814 2971 nomine
904 2917 1156 2979 tantum,
1235 2928 1363 2967 nam
1459 2915 1663 2968 tertius
1734 2915 1827 2969 ‘de
1899 2916 2191 2984 particulis
2260 2915 2652 2983 desideratur,
2737 2914 2860 2970 siue
2933 2913 3105 2968 dubio
3177 2927 3314 2966 casu
3380 2912 3733 2974 interemtus,

586 3004 719 3073 quia
763 2999 884 3053 hiat
927 2999 1011 3052 ibi
1057 2999 1373 3068 exemplum
1419 3001 1570 3054 unde
1608 3002 1791 3055 codex
1827 3001 2197 3070 descriptus);
2259 3005 2498 3057 alterum
2518 3001 2622 3056 fol.
2662 3001 2891 3057 60—94
2927 3001 3008 3054 de
3046 2999 3337 3068 punctis
3374 3000 3496 3063 (ubi
3531 3005 3732 3050 auctor

586 3089 769 3159 prima
812 3088 1088 3153 persona,
1147 3091 1209 3136 ut
1259 3084 1500 3154 passim,
1557 3086 1795 3155 loquens
1844 3102 2048 3141 nomeu
2096 3088 2287 3156 prodit
2333 3085 2436 3141 fol.
2480 3090 2546 3139 72
2580 3087 2642 3139 b:
2710 3085 2942 3139 ''itam-‘t
2989 3084 3257 3158 'sunnin
3294 3070 3489 3156 '³⁸0²
3553 3092 3610 3138 et
3657 3083 3729 3137 de

584 3172 877 3229 vocal-ib
895 3185 969 3222 us
1019 3169 1247 3237 quidem
1293 3169 1400 3226 fol.
1433 3171 1662 3226 60-83
1711 3173 1853 3226 duce
1905 3174 1977 3226 D.
2027 3174 2305 3238 Qrucmo,
2361 3172 2529 3241 cujus
2562 3172 2802 3227 Michlol
2851 3174 3078 3241 saepius
3127 3173 3336 3229 citatur
3384 3176 3600 3237 (verum
3647 3169 3734 3221 ibi

581 3259 727 3314 nihil
762 3258 884 3310 fere
921 3256 991 3308 de
1028 3256 1310 3324 punctis„
1346 3256 1417 3308 de
1454 3258 1888 3311 accentibus
1924 3257 2024 3311 fol.
2048 3259 2278 3312 83—94
2312 3259 2459 3312 duce
2494 3258 2835 3312 Burmann.
2874 3260 3138 3332 Denique
3173 3264 3305 3327 post
3339 3257 3733 3325 compilatoris

582 3346 938 3416 epilogum
978 3340 1081 3393 fol.
1102 3339 1222 3394 941,
1269 3343 1599 3410 appendicis
1630 3343 1759 3396 loco
1807 3346 2008 3397 iterum
2043 3341 2489 3410 veniunt'usque
2526 3342 2600 3394 ad
2636 3341 2739 3394 fol.
2776 3345 2879 3395 10ss
2913 3347 3028 3398 tria
3062 3348 3250 3414 capita
3282 3344 3732 3413 grammaticaet

583 3426 966 3485 masorethica
1016 3426 1088 3479 ad
1138 3427 1375 3479 eundem
1425 3429 1614 3480 locum
1662 3428 1733 3480 de
1781 3430 2080 3496 punctis
2117 3428 2492 3495 pertinentia,
2556 3427 2757 3480 eadem
2795 3429 2916 3482 sere
2953 3446 3098 3499 quae
3134 3446 3206 3483 ex
3239 3428 3368 3482 cod.
3407 3429 3477 3482 de
3502 3428 3731 3481 Bossia-

583 3532 656 3569 no
693 3518 864 3568 tertio
899 3517 1031 3567 loco
1069 3530 1240 3582 supra
1276 3515 1452 3566 allata
1486 3520 1645 3576 sunt,
1695 3513 1806 3566 nisi
1843 3511 1993 3580 quod
2028 3513 2087 3563 in
2125 3510 2280 3580 Lips.
2317 3518 2577 3581 quartum
2613 3513 2879 3582 accedat,
2916 3529 3137 3568 cannen
3173 3514 3240 3569 R.
3273 3514 3622 3567 Menaeni
3659 3513 3731 3565 de

585 3603 792 3666 Qames
840 3603 898 3651 et
931 3597 1185 3651 Pathach
1232 3614 1436 3665 magno
1486 3603 1545 3650 et
1591 3612 1763 3665 parvo
1798 3597 1897 3663 (ad
1931 3596 2287 3650 Bileamidae
2321 3597 2447 3650 fere
2481 3598 2751 3664 modum).
2791 3627 2861 3640 -
2931 3600 3109 3663 Quem
3145 3599 3272 3652 cod.
3310 3599 3380 3651 de
3415 3598 3731 3652 Rossianus

580 3693 880 3758 praeterea
912 3683 1106 3749 habet,
1145 3682 1718 3737 commentarius
1754 3698 2009 3739 masor.
2046 3682 2132 3736 ad
2172 3681 2371 3736 Pent.
2411 3689 2484 3736 et
2516 3684 2556 3735 1.
2586 3685 2817 3753 Ester,
2856 3687 2951 3756 qui
2988 3691 3136 3738 teste
3172 3685 3243 3737 de
3263 3684 3470 3736 Rossio
3505 3700 3729 3753 „punc-

578 3781 640 3826 ta
684 3778 745 3825 et
795 3767 1066 3824 accentus
1112 3769 1471 3836 potissimum
1509 3767 1745 3835 respicit
1778 3784 2015 3836 quorum
2051 3784 2218 3822 veras
2258 3768 2540 3822 lectiones
2578 3772 2904 3836 constituit,
2954 3769 3256 3824 conferens
3294 3785 3464 3838 saepe
3500 3772 3728 3824 codices

578 3874 714 3912 mss.
752 3857 1100 3926 hispanos
1145 3856 1443 3922 variasque
1482 3853 1552 3907 de
1590 3854 1661 3906 iis
1700 3854 2027 3908 criticorum
2066 3857 2364 3924 opiniones
2379 3857 2446 3919 ⁶⁸,
2495 3856 2546 3907 is
2581 3855 2840 3926 Naqdani
2874 3871 3154 3926 personae
3189 3865 3303 3910 tam
3338 3857 3725 3910 accommoda-

580 3954 668 3999 tus
718 3950 807 3998 est
849 3940 1134 4009 (ejusdem
1184 3941 1351 4009 plane
1397 3939 1553 3991 modi
1607 3953 1770 4007 quam
1806 3936 2106 4008 Jequtielis
2154 3955 2326 4008 supra
2362 3940 2737 4010 descriptus),
2796 3952 2860 3997 ut
2895 3943 3077 3996 eidem
3113 3942 3361 3997 Simsoni
3395 3942 3727 3997 tribuendus

577 4029 864 4095 rideatur,
907 4027 1085 4094 cujus.
1108 4023 1350 4078 habetur
1389 4025 1831 4077 commentarius
1872 4026 1929 4076 in
1967 4024 2129 4078 Pent.
2168 4014 2414 4083 (ΠἾῚΠιἾ
2442 4017 2668 4086 maan)
2706 4029 2913 4082 citatus
2950 4029 3278 4082 aLonzano
3317 4030 3373 4079 in
3413 4028 3581 4087 ,ἾἾἸΠ
3610 4027 3724 4077 “HR

572 4113 782 4169 soh-’ob
825 4115 1014 4181 (quem
1050 4114 1236 4164 iocum
1273 4108 1411 4161 mihi
1447 4125 1552 4177 per
1586 4109 1786 4163 literas
1822 4111 2099 4162 indicavit
2133 4111 2554 4176 Deliezschius).
2624 4113 2747 4166 Jam
2790 4130 2914 4167 cum
2950 4114 3252 4183 Jeqntielis
3287 4114 3723 4168 commentarius

576 4201 632 4251 in
671 4195 1024 4267 praefatione
1060 4197 1275 4250 similia
1308 4209 1540 4264 prorsus
1578 4193 1789 4248 habeat
1819 4197 1893 4248 iis
1930 4211 2074 4265 quae
2110 4197 2172 4250 in
2206 4203 2403 4249 nostro
2446 4196 2597 4261 cod„
2631 4201 2689 4251 in
2729 4200 2906 4268 primo
2944 4199 3045 4254 illo
3080 4199 3409 4270 appendicis
3444 4199 3629 4267 capite
3650 4199 3722 4253 de

572 4281 968 4352 Maqqephatis
1017 4289 1075 4336 et
1119 4279 1726 4349 non-Maqqephatis,
1787 4281 1857 4333 de
1906 4281 2167 4333 codicum
2215 4283 2581 4351 corruptione
2630 4291 2687 4336 et
2718 4285 3399 4363 Hispanicorumyirtute
3433 4284 3718 4354 leguntur,

573 4377 633 4422 et
678 4370 815 4421 diss.
864 4369 1173 4435 praemissa
1208 4367 1352 4435 ἾῚΡἍ
1397 4364 1559 4419 ὉἾἿ
1604 4348 1682 4418 53⁹
1729 4373 1877 4421 teste
1921 4367 2047 4419 Elia
2081 4367 2219 4420 Lev.
2270 4376 2329 4420 et
2363 4368 2531 4422 Heid.
2581 4370 2641 4420 in
2678 4369 2956 4436 ejusmodi
2993 4370 3272 4439 capitibus
3307 4369 3430 4423 fere
3465 4377 3721 4426 versetur

574 4454 767 4523 qualia
800 4459 931 4506 sunt
964 4452 1068 4503 ina
1102 4455 1243 4515 tria,
1311 4452 1382 4505 de
1418 4451 1816 4521 Maqqephatis
1853 4461 1908 4504 et
1943 4448 2518 4526 non-Maqqephatis
2556 4460 2918 4523 praesertim:
2970 4458 3100 4512 vide
3138 4472 3210 4509 an
3246 4457 3436 4525 capita
3465 4456 3572 4509 illa
3604 4472 3720 4511 non

572 4539 645 4592 ad
691 4538 1153 4593 commentarium
1201 4541 1260 4590 in
1307 4538 1435 4590 cod.
1483 4536 1555 4590 de
1591 4538 1870 4591 Rossiano
1915 4546 2244 4608 sequentem
2294 4539 2484 4607 potius
2522 4542 2876 4609 pertincant,
2943 4550 3001 4599 et
3035 4558 3108 4596 an
3144 4558 3181 4595 a
3215 4542 3525 4607 ‚Inous-mn
3567 4541 3718 4597 forte

572 4625 685 4679 sint
719 4624 860 4679 haec
902 4623 1091 4678 omnia
1123 4623 1449 4692 repetenda.
