4673 5897
2088 267 2288 279 --
2445 217 2914 336 12‚-,-

938 408 1143 499 miue,
1186 403 1381 478 modo
1427 402 1728 505 numan
1774 415 2012 502 ἫΞΠ
2065 405 2147 477 81)
2177 406 2394 502 operis
2420 405 2611 480 initio
2643 412 3090 503 nuncupatum
3118 400 3211 500 Μ,
3265 403 3431 480 etin
3462 402 3707 475 duobus
3739 398 4073 475 codicibus

941 532 1302 617 servatum,
1356 538 1485 597 nno*
1532 506 1971 599 bibliothecae
2028 523 2223 622 Lips.
2265 525 2527 599 Paulin.
2584 527 2726 600 102
2748 533 2775 561 ⁸
2824 526 2891 596 in
2942 525 3090 618 fol„
3135 527 3342 598 altero
3394 524 3477 597 de
3523 520 3754 596 Rossii
3802 521 3948 593 389
4001 521 4072 591 in

943 654 1174 744 quarto
1201 637 1289 716 ³⁵).
1371 644 1562 738 Quod
1589 646 1877 741 quamvis
1906 645 1974 716 in
2004 645 2147 717 istis
2175 644 2529 732 codicibus,
2579 644 2928 742 Lipsiensi
2957 654 3160 737 certe,
3209 669 3346 717 non
3371 667 3570 716 unum
3596 663 3758 737 opus
3787 661 3932 709 esse
3961 639 4076 711 sed

944 767 1139 864 plura
1190 766 1501 863 opuscula
1554 772 1625 838 et
1667 765 2043 862 fragmenta
2082 765 2221 837 suis
2249 765 2561 837 clausulis
2585 762 2917 857 distincta,
2964 765 3260 860 pluribus
3289 764 3488 838 etiam
3517 757 3773 834 lacunis
3800 755 4082 849 hiantia,

945 886 1282 959 continere
1332 884 1881 981 deprehendatur,
1959 908 2123 980 quae
2170 908 2304 956 non
2354 908 2395 956 a
2450 882 2752 958 Simsone
2797 884 2942 980 ipso
2999 883 3114 955 sed
3165 911 3206 958 a
3258 886 3681 982 compilatore
3731 876 3951 973 potius
3999 900 4082 947 ex

946 1007 1138 1104 hujus
1187 1005 1588 1100 aliorumque
1634 1003 1898 1100 scriptis
1947 1013 2082 1076 tum
2126 1005 2456 1099 exscripta
2494 1010 2634 1076 tum
2679 1005 2972 1077 breviata
3025 1028 3168 1077 esse
3219 1003 3518 1077 videntur
3544 1001 3653 1068 ³⁶³²
3708 1005 3927 1068 tamon
3977 995 4082 1065 10·-

950 1307 1060 1360 que
1105 1308 1311 1346 nomen
1357 1308 1516 1345 sunm
1558 1298 1781 1362 saepius
1832 1291 2015 1344 innuit
2042 1290 2346 1346 Simson.
2419 1289 2579 1344 Unde
2628 1306 2743 1345 non
2778 1300 2989 1344 temere
3032 1307 3157 1345 cnm
3192 1291 3541 1352 Delitzschio
3582 1299 3834 1366 ejusdem
3866 1301 4077 1355 Simso-

952 1378 1041 1432 nis
1081 1392 1220 1447 opus
1260 1393 1384 1431 esse
1423 1379 1688 1431 statueris
1726 1378 1810 1431 13.
1849 1391 1999 1430 saec.
2038 1378 2298 1430 viventis.

1155 1463 1255 1531 34)
1291 1466 1549 1517 Meminit
1585 1465 1706 1531 ejus
1741 1464 1901 1515 Elias
1933 1465 2132 1517 Levita
2168 1466 2227 1516 in
2267 1465 2483 1519 Masor.
2526 1462 2897 1516 hammasor.=
2956 1466 3194 1533 primum
3230 1469 3291 1519 in
3326 1467 3505 1535 praef.
3539 1474 3712 1525 tertia
3745 1489 3797 1542 p.
3834 1474 3900 1525 52
3936 1486 4087 1525 vers.

951 1566 1127 1620 germ.
1166 1552 1224 1603 in
1261 1550 1751 1604 commemorando
1791 1557 2035 1603 tractatu
2070 1551 2139 1602 de
2175 1551 2400 1618 punctis
2437 1549 2534 1620 qui
2568 1550 2627 1601 in
2665 1550 2754 1602 ed.
2791 1549 3094 1618 Bomberg.
3134 1554 3285 1604 circa
3320 1553 3606 1608 Masoram
3644 1560 3872 1611 finalem
3909 1557 4090 1611 habe-

953 1643 1044 1689 tur
1088 1635 1278 1688 obiter
1312 1644 1513 1690 taxans
1548 1636 1850 1688 multorum
1890 1651 2140 1689 errorem
2176 1634 2324 1689 hunc
2357 1651 2459 1705 pro
2497 1636 2645 1688 libro
2690 1634 2985 1686 'ml-7⁷:²03
3022 1627 3374 1705 habentium3
3436 1640 3640 1694 deinde
3678 1645 3996 1698 accuratius
4033 1645 4093 1696 in

948 1721 1282 1791 fragmentis
1328 1722 1649 1774 tabularum
1684 1721 1908 1785 (vocum
1945 1722 2318 1790 compendiis)
2355 1738 2409 1777 v.
2441 1705 2581 1771 1·τῆῦῆ
2616 1722 2707 1775 ed.
2743 1708 2936 1775 Sulsz
2973 1720 3013 1774 ἰ.
3052 1722 3119 1775 33
3141 1724 3206 1789 b,
3256 1724 3355 1775 ubi
3392 1740 3645 1780 errorem
3681 1730 3842 1782 illum
3877 1728 4094 1783 refellit

952 1804 1147 1859 dicens
1192 1808 1395 1860 librum
1432 1806 1728 1859 ἾΞἾΨῚΩΨΠ
1779 1821 1893 1859 non
1946 1805 2116 1859 alium
2165 1823 2292 1860 esse
2343 1822 2508 1876 quam
2558 1808 2653 1876 qui
2689 1806 2979 1873 nw'lpfl
3027 1804 3223 1858 *²5:1¹1
3272 1818 3510 1864 vocatur
3555 1815 3830 1881 incipiens
3871 1814 4087 1867 verbis:

952 1878 1199 1945 “ww
1246 1893 1337 1944 un
1385 1891 1633 1943 ovum-r
1677 1890 1816 1943 nn:
1861 1889 2046 1944 ττι-τ’
2090 1890 2229 1944 *amu
2273 1895 2530 1947 nana-tn
2577 1892 2731 1961 *ips
2774 1895 2844 1943 ⁸:
2884 1893 3046 1960 ³0⁸1‚,.
3143 1895 3326 1948 Euam
3387 1899 3644 1965 sequitur
3701 1898 4089 1954 Schabbuthai
4129 1936 4135 1947 ,

952 1983 1012 2033 in
1047 1987 1442 2051 punctatorum
1477 1980 1835 2034 recensione.
2577 1977 2590 1985 '

1154 2065 1246 2130 35)
1286 2065 1441 2116 Illius
1488 2065 1767 2133 triplicem
1812 2067 2070 2118 notitiam
2124 2066 2280 2120 dedit
2329 2062 2672 2130 Wolfius‘in
2709 2065 2856 2117 Bibl.
2894 2066 3103 2119 Hebr.t
3162 2069 3228 2119 Τ.
3266 2068 3320 2132 1,
3385 2070 3516 2120 1152
3567 2086 3689 2122 eam
3726 2086 3891 2138 quam
3929 2075 3979 2123 J.
4021 2074 4086 2125 G.

956 2149 1247 2205 Abicletius
1298 2152 1370 2203 ad
1423 2151 1637 2204 calcem
1673 2154 1878 2205 Portae
1929 2167 2046 2204 acc.
2086 2153 2187 2204 lat.
2225 2168 2423 2205 versae
2460 2154 2519 2204 in
2554 2151 2791 2220 append.
2829 2151 2963 2203 libri
2999 2154 3069 2204 de
3108 2161 3350 2207 accentt.
3392 2156 3568 2207 Hebr.
3606 2171 3676 2208 ex
3713 2173 3817 2208 usu
3852 2156 4089 2211 lectorio

959 2239 1255 2305 explicatis
1306 2237 1460 2304 Lips.
1498 2237 1630 2291 1715
1680 2237 1945 2303 dederat3
2009 2239 2245 2290 alteram
2296 2239 2364 2292 T.
2405 2239 2507 2302 111,
2574 2237 2708 2290 1160
2758 2252 2828 2290 ex
2864 2230 3185 2293 J0.'Fe11erz·
3231 2241 3401 2291 catal.
3446 2256 3578 2293 mss.
3631 2239 3892 2294 biblioth.
3931 2241 4090 2295 Paul.

958 2321 1116 2391 Lips.
1165 2340 1219 2392 p.
1257 2324 1387 2385 215;
1430 2324 1679 2375 'tertiam
1716 2324 1782 2376 T.
1822 2316 1928 2388 lv‘,
1991 2324 2129 2377 1003
2176 2340 2247 2377 ex
2282 2325 2531 2393 epistola
2569 2323 2694 2376 Chr.
2737 2326 3006 2394 Wagner-i
3041 2323 3112 2375 ad
3147 2323 3430 2376 Fellerum
3464 2341 3516 2377 a.
3558 2325 3693 2380 1685
3731 2326 3890 2391 dats,
3950 2343 4094 2395 quae

957 2409 1145 2462 codici
1181 2409 1403 2475 adjecta
1440 2410 1742 2461 etiamnum
1775 2410 1858 2461 ibi
1891 2419 2168 2464 servatur.
2215 2411 2328 2463 Sed
2366 2408 2470 2462 hae
2507 2408 2579 2461 ad
2616 2423 2781 2459 unam
2819 2408 2958 2472 fere,
2998 2415 3055 2461 et
3093 2412 3368 2476 Wagneri
3407 2410 3630 2478 quidem
3668 2415 3910 2465 caeteris
3947 2416 4095 2481 prio-

958 2511 1078 2547 rem
1129 2502 1185 2548 et
1232 2493 1575 2562 pleniorem,
1636 2495 1902 2558 redeunt,
1970 2511 2073 2548 nec
2126 2503 2355 2564 praeter
2410 2510 2477 2547 ea
2525 2508 2669 2561 quae
2709 2493 2765 2544 in
2810 2495 2998 2560 operis
3039 2493 3336 2561 epilogo
3376 2496 3653 2549 habentur
3690 2527 3757 2538 —
3794 2513 3998 2551 nomen
4036 2507 4094 2553 et

961 2587 1246 2633 auctorem
1295 2579 1427 2631 libri
1475 2586 1531 2631 ct
1575 2582 2069 2648 grammaticorum
2118 2581 2265 2634 unde
2310 2579 2501 2633 hausit
2548 2586 2747 2631 auctor
2793 2580 3024 2631 nomina
3058 2607 3123 2618 —·
3159 2582 3456 2647 quicquum
3496 2581 3789 2635 exhibent:
3849 2583 3991 2638 nihil
4018 2586 4088 2639 de

958 2666 1214 2733 partibus
1237 2672 1310 2735 xet
1342 2666 1564 2716 ratione
1600 2665 1752 2716 libri.
1823 2666 2029 2719 Melius
2065 2668 2123 2718 in
2166 2665 2539 2746 describendo
2578 2664 2778 2717 codice
2815 2680 2918 2716 suo
2955 2666 3073 2732 egit
3111 2662 3179 2716 de
3210 2667 3438 2718 Rossius
3472 2668 3670 2732 (catal.
3711 2670 3797 2734 11,
3861 2670 3941 2723 16.
3983 2674 4091 2736 17),

964 2753 1226 2805 diversos
1284 2751 1483 2804 saltem
1532 2753 1629 2818 qui
1683 2767 1751 2803 eo
1804 2754 2164 2804 continentur
2209 2750 2480 2805 tractatus
2533 2751 2887 2818 distinguens
2944 2752 3187 2819 quinque
3242 2748 3442 2804 hosce:
3529 2756 3581 2822 1)
3618 2755 3868 2822 ῬἸἾΡἾΠ
3911 2757 4087 2808 num:

961 2833 1020 2904 2)
1055 2838 1202 2889 liber
1238 2837 1452 2902 ΕὉἹΡΠ
1538 2865 1603 2875 -
1694 2846 1931 2906 uterque
2010 2842 2069 2891 in
2153 2839 2386 2892 Srusom
2469 2835 2709 2889 tributus
2792 2864 2858 2874 —
2940 2836 2998 2899 3)
3050 2837 3233 2889 Αιιοιι.
3320 2839 3510 2906 capita
3593 2840 3664 2892 de
3744 2841 4085 2911 Maqqepha-

962 2925 1066 2987 tis,
1121 2923 1191 2978 de
1229 2922 1591 2976 Patbachatis
1632 2924 1691 2976 in
1728 2924 1836 2975 fine
1874 2923 2101 2989 versus,
2137 2933 2196 2979 et
2229 2926 2298 2978 de
2335 2921 2508 2991 Pesiq
2543 2920 2908 2990 (Pesiqatis);
2945 2921 3001 2988 4)
3043 2924 3228 2979 Anon.
3262 2938 3460 2976 comm.
3499 2937 3705 2979 masor.
3741 2928 3799 2979 in
3838 2928 3997 2982 Pent.
4034 2936 4094 2983 et

958 3013 1159 3071 Esters
1214 3011 1273 3077 5)
1309 3010 1485 3061 Anon.
1524 3009 1719 3077 Comp.
1759 3009 2153 3064 Soboraschim
2199 3027 2246 3065 s.
2301 3009 2474 3062 lexici
2511 3006 2849 3072 Qimchiani.
2888 3035 2957 3046 —
3023 3007 3197 3060 Plura
3242 3025 3312 3062 ex
3348 3011 3633 3080 Lipsiensi
3681 3013 3750 3065 de
3797 3015 3988 3068 indole
4036 3024 4097 3068 et

965 3096 1243 3151 contentis
1286 3109 1462 3162 nuper
1497 3095 1687 3146 attulit
1722 3095 2089 3146 Delitzschius
2121 3095 2365 3148 Jesurun
2398 3110 2452 3162 p.
2478 3094 2544 3146 16
2582 3109 2708 3145 cum
2745 3097 3026 3160 excerptis
3062 3094 3346 3147 nonnullis
3382 3112 3434 3164 p.
3461 3099 3579 3148 248.
3615 3098 3715 3147 252
3754 3106 3812 3149 et
3845 3102 3918 3151 al.
3989 3101 4093 3152 Mi·

965 3180 1025 3233 hi
1062 3181 1314 3247 ejusdem
1353 3179 1481 3231 cod.
1524 3180 1844 3231 accuratius
1879 3179 2215 3247 inspiciendi
2252 3194 2420 3247 copia
2453 3176 2608 3230 facta
2642 3185 2732 3230 est
2766 3179 2936 3244 ampl.
2975 3181 3261 3232 Gersdorii
3298 3182 3584 3233 comitate.

1168 3266 1255 3328 36)
1289 3264 1420 3318 Non
1456 3263 1620 3331 hujus
1659 3274 1747 3318 est
1787 3265 1930 3329 loci,
1968 3265 2065 3316 ubi
2100 3272 2429 3319 accentuum
2467 3271 2681 3316 tantum
2715 3263 2957 3317 historia
2992 3267 3201 3333 agitur,
3262 3267 3577 3316 accuratius
3597 3280 3897 3332 *exponere
3937 3269 4088 3321 codi-

940 3354 1046 3422 cis
1094 3357 1363 3404 contenta
1410 3366 1713 3419 eorumque
1764 3367 1908 3420 quae
1959 3357 2268 3403 tractantur
2311 3352 2623 3413 rationem,
2692 3348 2842 3416 quod
2890 3350 2947 3399 in
2983 3350 3151 3401 alium
3187 3350 3370 3401 locum
3409 3349 3636 3401 differ0.
3705 3351 3934 3403 Haecce
3970 3358 4087 3403 tan-

960 3450 1077 3492 tum
1116 3438 1172 3492 h.
1210 3439 1247 3490 l.
1287 3437 1495 3490 afferre
1529 3438 1718 3489 liceat.
1789 3437 2012 3490 initium
2049 3438 2107 3487 in
2144 3445 2383 3504 utroque
2421 3435 2619 3488 codice
2655 3436 2799 3487 miro
2837 3448 3118 3487 consensu
3154 3436 3342 3487 deestz
3396 3431 3500 3486 sed
3540 3441 3768 3487 caetera
3803 3438 3969 3489 etiam
4006 3438 4088 3489 di-

958 3526 1112 3579 versi
1152 3526 1379 3594 generis
1418 3530 1747 3591 argumenta
1781 3522 1904 3575 fere
1941 3523 2158 3586 eadem,
2195 3523 2505 3590 eodemque
2544 3521 2759 3585 ordine,
2799 3521 2910 3571 nisi
2946 3520 3098 3589 quod
3132 3521 3201 3572 de
3225 3520 3527 3573 Rossianus
3551 3520 3772 3573 duobus
3794 3525 4093 3588 postremis

960 3612 1039 3662 sit
1084 3610 1324 3662 auctior.
1395 3609 1615 3662 Primus
1661 3615 1792 3677 post
1836 3608 2225 3661 elementalem
2260 3608 2539 3677 quandam
2574 3607 3021 3670 institutionem,
3081 3622 3224 3675 quae
3258 3606 3361 3660 fol.
3398 3606 3431 3659 9
3460 3606 3495 3658 b
3533 3608 3591 3657 in
3628 3608 3879 3659 clausula
3915 3608 4089 3659 *0072

961 3694 1251 3762 ‘affinis-t
1296 3698 1420 3764 (qui
1459 3700 1555 3748 'est
1596 3694 1829 3749 Sosin-nr
1870 3694 2130 3758 chnn)
2166 3694 2424 3745 desumta
2457 3708 2581 3745 esse
2617 3692 2826 3745 dicitur
2863 3693 3083 3756 (verum
3122 3709 3191 3744 ea
3225 3693 3522 3745 admodum
3557 3692 3814 3745 breviata
3852 3702 3910 3745 et
3944 3695 4093 3763 glos·

963 3785 1044 3834 sis
1096 3782 1487 3849 interpolata),
1549 3781 1622 3832 de
1667 3781 1846 3832 tribus
1895 3780 2171 3832 orationis
2219 3781 2472 3847 partibus
2508 3777 2995 3843 agererinstituit,
3055 3778 3154 3828 sed
3192 3778 3452 3829 absoluto
3489 3778 3620 3829 loco
3657 3778 3727 3829 de
3765 3779 3951 3830 verbis
3988 3779 4093 3833 fol.

963 3866 1084 3919 241)
1122 3867 1505 3934 abrumpitur,
1542 3866 1798 3917 clausula
1833 3865 2057 3931 adjecta
2094 3865 2302 3915 finitam
2338 3864 2418 3913 ibi
2459 3877 2582 3914 esse
2621 3860 2892 3912 clavem
2924 3864 3434 3927 grammaticae
3472 3856 3698 3928 (ῬἹἾΡἻ
3731 3846 3819 3912 'tta
3851 3846 4091 3931 Πηῦἳῦ),

964 3954 1053 4006 oui
1077 3951 1334 4006 Smsoms
1370 3966 1575 4004 nomen
1609 3951 1767 4003 addit
1792 3950 1866 4018 ¹de
1889 3950 2216 4015 Rossianus‚
2256 3964 2420 4017 quam
2458 3956 2715 4012 tamema
2749 3946 3035 4014 sequentis
3073 3953 3304 4000 auctore
3341 3949 3435 3998 vix
3470 3949 3607 4000 licet
3642 3948 3920 4014 derivare,
3957 3966 4092 4020 quo.

963 4041 1113 4091 niam
1162 4037 1311 4090 idem
1358 4037 1520 4088 locus
1567 4036 1637 4088 de
1686 4037 1873 4089 verbis
1928 4037 2133 4089 deinde
2180 4035 2422 4088 recurrit
2457 4033 2631 4086 multo
2669 4033 2958 4100 copiosius
2997 4038 3290 4085 tractatus.
3363 4032 3499 4084 Post
3535 4029 3677 4085 hanc
3715 4033 3935 4086 demum
3971 4039 4093 4104 ipse

960 4126 1111 4178 liber
1145 4122 1430 4188 Ε’ἎἾΡοἾ
1469 4121 1652 4174 dictus
1691 4122 1936 4187 orditur,
1987 4122 2136 4191 quod
2175 4123 2332 4174 Eliae
2371 4120 2507 4172 Lev.
2550 4120 2718 4172 etiam
2755 4119 3084 4172 testimonio
3124 4119 3515 4170 confirmatur:
3567 4118 3620 4169 h.
3658 4120 3694 4171 1.
3734 4115 3881 4172 enim
3920 4123 4094 4174 verba

961 4226 1134 4281 supra
1171 4217 1291 4263 not.
1313 4209 1380 4262 34
1417 4207 1593 4260 allata
1626 4211 1988 4261 inveniuntur
2023 4224 2057 4260 8
2093 4203 2291 4277 quibus
2328 4206 2427 4258 ille
2465 4205 2665 4257 librum
2702 4205 2925 4257 dixerat
2957 4205 3230 4271 incipere.
3277 4205 3421 4257 Hinc
3457 4217 3660 4256 nomen
3699 4206 3870 4257 etiam
3890 4211 4092 4259 mirum

962 4304 1119 4367 patet
1170 4313 1299 4349 esse
1348 4295 1693 4348 desumtum:
1757 4295 1979 4346 orditur
2026 4297 2173 4346 enim
2220 4309 2255 4345 a
2301 4294 2544 4346 decem
2592 4289 3172 4358 pronominibus,
3237 4306 3378 4361 quae
3427 4309 3463 4345 a
3508 4293 3576 4345 R.
3612 4292 3820 4345 Saadia
3857 4289 4093 4342 ΠἾΨ,

959 4380 1247 4448 D'J'lpfl
1297 4378 1378 4445 (h.
1419 4397 1468 4434 e.
1507 4379 1721 4431 *naurs
1767 4362 1919 4431 '⁴55³
1955 4378 2185 4448 opinor)
2220 4386 2540 4446 nuncupata
2573 4378 2727 4431 dicit.
2802 4376 3095 4444 Duplicem
3132 4384 3318 4429 autem
3354 4378 3706 4445 potissimum
3744 4378 3928 4429 locum
3965 4392 4090 4428 con·

958 4469 1131 4533 tinet,
1168 4469 1369 4538 quibus
1406 4481 1638 4536 gramm.
1672 4466 1849 4520 Hebr.
1884 4467 2127 4519 ambitus
2162 4461 2563 4533 comprdiendi
2598 4464 2766 4525 solet,
2803 4469 3099 4530 utrumque
3137 4463 3277 4515 satis
3313 4462 3636 4529 copiosum:
3672 4462 3926 4531 primum,
3964 4469 4090 4527 post

954 4554 1437 4608 introductionem
1482 4554 1552 4608 de
1600 4553 1892 4608 ordinibus
1927 4560 1987 4603 et
2021 4552 2201 4606 modis
2236 4553 2533 4604 verborum
2572 4564 2716 4617 quae
2747 4547 2851 4600 fol.
2887 4544 2993 4599 281³
3030 4550 3092 4600 in
3125 4545 3383 4601 clausula
3416 4546 3479 4598 R.
3514 4548 3868 4603 Monnscmu
3899 4545 4090 4606 (iden-

959 4640 1137 4693 tidem
1170 4641 1370 4705 obvio)
1404 4640 1742 4705 tribuuntur,
1778 4638 1879 4692 t'ol.
1913 4637 2146 4693 28—60
2181 4637 2249 4689 de
2286 4637 2518 4689 tribus
2556 4634 2922 4689 orationis
2958 4636 3292 4703 partibus
3327 4632 3450 4702 (vel
3481 4637 3674 4703 potius
3710 4634 3780 4685 da
3816 4630 3992 4687 verbo
4031 4641 4093 4686 et
