4673 5897
2383 242 2503 329 1⁰

872 431 984 507 ubi
1021 430 1302 505 Mercah
1349 437 1533 505 recte
1580 429 1830 505 dicitur
1878 430 2199 507 obtinere.
2224 434 2285 506 si
2333 428 2533 506 cadat
2581 437 2696 505 aut
2738 431 2812 504 in
2862 430 3140 528 primam
3192 430 3455 504 literam
3508 440 3624 506 aut
3659 431 3728 505 iu
3774 434 4047 511 alteram

871 550 1307 647 praecedente
1371 547 1640 627 selrva
1725 553 1827 625 vel
1902 553 2164 647 syllaba
2238 550 2620 649 dagessatss
2696 549 2991 647 exceptis
3071 552 3284 623 tribus
3340 552 3508 624 locis
3579 552 3694 624 ubi
3752 552 4044 628 Muuach

878 678 1030 767 post
1102 670 1251 765 syll.
1323 668 1587 766 dagess.
1639 712 1745 728 --
1843 671 2235 745 Alterum
2308 695 2458 769 cap.
2539 670 2623 747 de
2695 651 3213 763 „clausulis
3298 673 3658 745 versuum“
3739 672 3821 746 de
3886 673 4050 746 Mu-

880 789 1076 867 uaehi
1128 799 1200 863 et
1245 787 1529 862 Mercae
1577 797 1729 863 ante
1783 788 2216 887 Silluqum
2257 792 2522 865 ratione
2566 789 2735 887 agit,
2782 788 2881 861 ita
2926 795 3111 862 recte
3162 789 3525 864 constituta
3575 796 3649 862 ut
3692 790 3808 863 ille
3851 790 4050 868 eadat

883 916 998 981 aut
1061 907 1136 981 in
1197 911 1480 1006 primam
1542 910 1806 982 literam
1859 920 1974 983 aut
2013 911 2087 982 in
2125 910 2407 984 alteram
2459 910 2519 984 si
2560 906 2913 1006 praecedat
2965 915 3219 981 tantum
3268 904 3539 985 Scheva
3587 910 3690 981 vel
3743 909 4050 1008 Chateph

881 1026 1221 1103 Pathacliz
1264 1029 1373 1101 sin
1423 1052 1546 1100 vox
1590 1053 1791 1125 parva
1828 1028 2301 1127 Maqqephata,
2348 1027 2665 1115 Mercah3
2716 1051 2842 1124 quo
2898 1026 3077 1101 dicto
3119 1031 3293 1131 cum'
3316 1025 3601 1100 Mercah
3643 1029 3841 1101 nimis
3889 1056 4049 1105 arc-

885 1149 974 1221 fis
1036 1147 1281 1221 finibus
1344 1157 1767 1242 coerceatur,
1844 1150 1913 1221 in
1977 1150 2257 1222 tertio
2322 1173 2471 1247 cap.
2533 1146 2754 1247 (quod
2815 1143 3045 1219 eodem
3093 1141 3420 1242 pertinet)
3471 1147 3802 1221 commode
3850 1148 4045 1221 addi-

885 1276 1037 1359 tur,
1106 1276 1375 1342 caetera
1429 1270 1703 1341 omnia
1766 1293 2095 1367 occupare
2146 1274 2621 1345 Mercam.·-1-
2723 1264 3137 1357 Quartum
3199 1263 3341 1358 (vel
3387 1268 3732 1340 tertium
3782 1268 4037 1365 potius)

889 1386 974 1460 de
1014 1386 1415 1461 Muuacho
1465 1398 1534 1460 et
1577 1385 1770 1460 Ga‘’
1743 1388 1841 1485 Ja
1891 1397 2046 1464 aute
2091 1386 2550 1485 Tiphcham
2602 1385 3142 1460 anteriorem
3196 1383 3537 1481 disputat,
3607 1386 3732 1460 sed
3778 1387 4040 1460 ratione

890 1529 1119 1601 parum
1184 1506 1474 1601 liquida3
1561 1506 1646 1580 de
1712 1508 1949 1605 quibus
2014 1510 2185 1606 quod
2248 1507 2456 1581 tradit
2519 1507 2752 1580 eadem
2819 1527 2976 1576 voce
3027 1501 3449 1600 conjunctis,
3536 1530 3666 1581 nec
3711 1505 4043 1580 codicibus

893 1650 1022 1703 nec
1070 1624 1344 1698 aliorum
1384 1629 1766 1724 praeceptis
1811 1639 2312 1703 cousentaneum
2361 1626 2467 1726 (v.
2515 1626 2586 1697 iu
2626 1620 2972 1725 append..)

992 1814 999 1817 ,
1192 1749 1265 1817 4.
1330 1745 1498 1843 Cap.
1548 1757 1769 1823 ΠΨἈ
1819 1729 2100 1846 nbc-m
2138 1749 2529 1845 inscriptum
2575 1742 2867 1819 breviter
2905 1749 3159 1814 tantum
3202 1740 3285 1815 de
3332 1741 3741 1841 Methego
3786 1746 4056 1841 praeci-

890 1861 1021 1959 pit3
1097 1861 1356 1937 scilicet
1421 1890 1572 1940 esse
1630 1867 1703 1939 iu
1760 1891 1917 1940 voce
1980 1868 2096 1942 uhi
2162 1868 2547 1965 (sequatur)
2614 1862 2896 1961 Sclffva
2932 1869 3003 1935 et
3048 1860 3350 1935 Pathaeh
3404 1861 3645 1956 (chat.
3691 1862 4051 1956 Pathach),

891 1981 996 2053 vel
1043 1977 1211 2053 81:11⁰
1214 2008 1299 2058 va
1360 1984 1637 2082 simplex
1656 2037 1680 2078 ,
1760 1988 2082 2083 appositis
2149 1988 2350 2102 etiam
2406 1985 2728 2083 exemplis
2791 1983 2906 2056 ubi
2962 1980 3267 2079 sequitur
3317 1979 3667 2078 Dagescli3
3743 1981 4051 2056 excidere

901 2125 1058 2173 vero
1104 2102 1219 2174 ubi
1265 2104 1356 2176 sit
1408 2102 1772 2201 Maqqeph.

1188 2222 1260 2293 5.
1324 2221 1736 2296 Postremum
1782 2248 1929 2322 cap.
1977 2223 2081 2297 P
2102 2226 2269 2323 siqi
2316 2224 2641 2316 rationes,
2690 2220 2775 2296 de
2823 2220 3054 2318 quibus
3095 2219 3345 2295 caeteri
3385 2220 3598 2294 silere
3649 2223 3890 2314 solent,
3941 2245 4060 2295 sa·-
4203 2226 4213 2243 '

892 2341 979 2415 tis
1032 2339 1295 2436 copiose
1340 2352 1409 2414 et
1462 2342 1625 2414 bene
1670 2345 1972 2440 exponit,
2020 2348 2317 2441 quinque
2361 2345 2565 2418 hasce
2615 2340 2936 2413 afferens.
3003 2347 3077 2411 ut
3128 2338 3392 2412 dirimat
3450 2341 3531 2435 1)
3582 2340 3849 2415 easdem
3898 2343 4060 2416 lite-

896 2484 1004 2533 ras
1052 2459 1125 2530 in
1179 2457 1426 2532 duabus
1476 2463 1756 2536 vocibus
1804 2466 2291 2554 conterminaS,
2332 2463 2439 2535 vel
2490 2462 2578 2555 2)
2631 2456 2897 2532 easdem
2946 2478 3153 2527 voces
3201 2459 3548 2552 repetitas,
3605 2460 3705 2531 vel
3758 2461 3843 2560 3)
3894 2485 4059 2556 quas

897 2576 1133 2673 religio
1179 2586 1370 2650 vetat
1420 2580 1848 2679 conjungere,
1900 2583 2015 2654 vel
2068 2581 2154 2674 4)
2208 2604 2444 2655 sensus
2493 2576 2726 2652 suadet
2777 2576 3170 2674 sejungere;
3220 2576 3306 2666 5)
3357 2581 3670 2651 accentus
3712 2579 3848 2673 (sc.
3886 2604 4057 2653 con-

890 2696 1317 2795 junctivos),
1370 2700 1432 2773 h.
1482 2725 1546 2774 e.
1591 2702 1658 2773 vi
1710 2692 2096 2777 distinctiva
2137 2702 2415 2775 imbuat.
2518 2699 2717 2772 Hunc
2755 2699 2976 2772 locum
3022 2692 3646 2772 Heidenheimius
3694 2698 3764 2769 iu
3811 2697 4055 2772 librum

897 2841 1084 2889 suum
1138 2818 1261 2891 fol.
1318 2823 1411 2892 31
1465 2820 1803 2920 integrum
1852 2822 2136 2920 recepit,
2219 2822 2493 2919 ejusque
2545 2818 2758 2891 verbis
2803 2816 3020 2913 P‘siqi
3066 2839 3257 2890 usum
3314 2815 3549 2889 docere
3597 2818 3761 2891 satis
3812 2817 4064 2892 habuit.

1201 2938 1433 3033 Haec,
1509 2940 1583 3014 in
1670 2943 1879 3040 primo
1968 2940 2352 3042 appendicis
2441 2938 2612 3014 bibl.
2692 2939 2891 3014 rabir.
2970 2936 3169 3011 1517
3263 2936 3433 3013 folio
3503 2934 3848 3036 dispersa,
3924 2938 4066 3013 fere

898 3065 1053 3129 suut
1112 3083 1283 3154 quae
1347 3059 1524 3129 ben-
1541 3060 1847 3132 Aschero
1916 3065 2316 3152 tribuuntur..
2421 3055 2569 3131 Sed
2643 3065 2910 3150 praeter
2971 3058 3138 3132 haec
3164 3068 3348 3156 jpost
3402 3056 3670 3151 longius
3737 3057 4069 3132 interval-

903 3176 1041 3247 lum
1111 3176 1184 3248 in
1246 3173 1524 3247 secundi
1592 3175 1736 3246 folii
1781 3200 1937 3273 pag.
1994 3177 2232 3254 aversa
2294 3177 2532 3246 iterum
2600 3185 2955 3247 occurrunt
3007 3174 3135 3248 duo
3193 3177 3564 3273 frag-menta
3627 3172 3708 3245 de
3767 3180 4068 3250 accenti-

905 3292 1071 3388 buS,
1141 3318 1310 3392 quae
1373 3299 1594 3365 tamen
1652 3293 2144 3369 ben-Aschero
2196 3294 2570 3392 posteriora
2629 3314 2775 3364 esse
2828 3299 2962 3363 tum
3019 3319 3106 3368 ex
3146 3295 3287 3392 ipso
3348 3298 3738 3390 argumento
3802 3303 3872 3365 et
3918 3320 4069 3367 ser-

903 3437 1100 3488 mone
1159 3437 1294 3486 non
1353 3412 1728 3507 rhythmico
1796 3416 2109 3512 augurari
2186 3416 2388 3506 licet,
2463 3420 2607 3486 tum
2677 3433 2832 3514 vero
2903 3410 3055 3484 iude
3127 3422 3382 3487 certum
3455 3420 3558 3483 est
3606 3409 3776 3506 quod
3821 3414 3898 3484 in
3953 3417 4068 3486 al·-

910 3533 1114 3607 terius
1187 3531 1322 3607 fine
1388 3531 1685 3607 varietas
1744 3533 2103 3608 lectionum
2162 3530 2645 3626 ben-Ascheri
2708 3537 2780 3604 et
2841 3532 2968 3605 beu
2983 3530 3349 3632 -Naphtali
3405 3532 3669 3605 citatur.
3770 3530 4062 3603 Primum

906 3660 1248 3730 numu?
1302 3634 1545 3730 ΠΒΝῚ
1607 3661 2002 3732 ΒἾΕΠὮΠ
2053 3633 2253 3728 1·th
2302 3652 2697 3745 ‚inscriptum
2737 3651 3128 3725 „tabulam
3191 3661 3707 3726 accentuum
3767 3651 4072 3745 exhibet,

911 3793 1137 3842 verm
1186 3771 1288 3842 ita
1321 3784 1774 3869 comparatam
1818 3781 1919 3843 utw
1943 3772 2077 3845 loci
2118 3770 2382 3868 quidam
2427 3768 2520 3840 V.
2565 3766 2660 3839 Τ.
2708 3767 3028 3840 sistantur
3069 3793 3221 3841 cum
3255 3768 3639 3846 accentibus
3677 3769 3910 3866 cuique
3947 3796 4071 3844 vo-

913 3887 1151 3960 cabulo
1220 3887 1500 3982 additis,
1592 3894 1769 3966 velut
1833 3889 2012 3965 Gen.
2063 3892 2146 3985 1,
2196 3890 2239 3964 '1
2309 3893 2639 3963 ΝΨΝἿΞ
2683 3910 2858 3960 ¹cum
2921 3881 3272 3984 Tiphchah
3339 3886 3445 3962 vel
3498 3882 3812 3996 Tarcliah
3857 3889 4072 3987 (quae

918 4006 1050 4080 hoc
1102 4030 1355 4105 quoque
1396 4011 1550 4083 loco
1592 4035 1828 4109 agmen
1876 4012 2095 4103 ducit,
2124 4018 2214 4082 ut
2253 4008 2436 4107 apud
2485 4004 3067 4081 ben-Ascherum
3089 4018 3181 4081 ret
3225 4004 3670 4104 Glmjugum),
3720 4017 3882 4082 m:
3917 4036 4077 4085 cum

917 4124 1307 4225 Schoplnaro
1363 4103 2125 4227 (Munaci10),nwt7‘7n
2174 4153 2321 4204 cum
2373 4125 2800 4219 Athnachta,
2865 4134 2932 4199 et
2979 4126 3048 4198 in
3102 4151 3281 4225 seqq.
3322 4128 3467 4201 Ma’
3468 4128 3651 4203 atich
3701 4128 4073 4228 (Mercah),

909 4246 1023 4317 D⁶
1043 4247 1169 4319 clii
1222 4246 1408 4341 (ΓΠ
1456 4247 1522 4322 Ιι.
1567 4274 1630 4322 e.
1675 4251 2023 4366 Tiphchah
2068 4257 2221 4324 ante
2270 4249 2630 4346 Sillssqum,
2694 4247 2778 4320 de
2830 4269 2957 4342 quo
3005 4243 3182 4319 inira
3223 4247 3309 4321 ad
3365 4246 3810 4347 Cbajugum).;
3883 4249 4067 4323 dein-

914 4364 996 4438 de
1065 4366 1236 4438 alios
1284 4366 1470 4440 locos
1518 4392 1668 4441 cum
1712 4370 1995 4444 caeteris
2045 4372 2476 4461 accentibus,
2541 4370 2638 4441 ita
2688 4366 2829 4438 fere
2874 4366 3154 4439 selectos
3201 4374 3277 4440 ut
3328 4391 3472 4441 acc.
3523 4367 3874 4441 distinctivi
3918 4388 4064 4439 oum

913 4483 1230 4559 ministris
1276 4488 1413 4559 suis
1464 4490 1701 4562 sensim
1744 4489 2215 4583 exln'beautur,
2279 4497 2436 4586 post
2484 4485 2878 4586 Tiphcham
2906 4496 2973 4559 ct
3016 4485 3433 4561 Atlmachum
3479 4486 3601 4561 hoc
3641 4487 3784 4560 Tere
3831 4481 4063 4557 ordine

912 4605 1383 4703 procedentes:
1444 4606 1677 4706 Zarqa
1727 4618 1798 4684 et
1844 4606 1930 4684 S
1928 4609 2154 4707 golta,
2214 4607 2561 4707 marpach
2611 4616 2700 4715 et⁸
2729 4606 3060 4700 Paschta,
3140 4606 3417 4706 Zaqepli
3463 4628 3741 4708 maguus
3777 4612 3853 4678 et
3897 4628 4074 4701 ,par-z
