4673 5897
2100 271 2891 355 *12*

938 474 1079 523 rum
1160 454 1341 529 inter
1400 455 1688 532 Judaeos
1766 461 2039 559 insigni.
2154 462 2353 534 Hunc
2422 460 2563 558 jam
2633 461 2872 534 dudum
2936 442 3290 533 constabat
3355 473 3494 539 tres
3556 462 3637 535 de
3699 464 4082 561 quibusdam

936 578 1400 667 grammaticae
1460 579 1853 668 Hebraicae
1929 582 2252 678 capitibus
2351 584 2786 678 composuisse
2878 582 3120 671 libros,
3205 607 3288 652 ex
3373 575 3603 678 linguai
3676 587 4080 677 Arabica,

937 695 1066 788 qua
1117 706 1349 770 auctor
1396 722 1514 795 pro
1556 701 1820 772 illorum
1864 709 2221 798 temporum
2276 725 2460 773 more
2507 709 2576 773 et
2625 702 2993 774 rationibus
3043 703 3453 796 conscripsit,
3501 727 3634 775 non
3678 707 3880 776 multo
3933 716 4083 802 post

937 838 978 883 a
1041 813 1393 888 duumviris
1449 819 1838 892 clarissimis
1885 820 2181 893 Mosen
2231 820 2331 895 fil.
2390 819 2910 917 GEQA'rrmAE
2963 828 3033 892 et
3084 820 3504 892 ABEN‘i-:zna
3555 822 3626 893 in
3674 822 4078 897 Hebraicam

936 955 1322 1009 conversoS.
1430 938 1562 1029 Qui
1605 947 1945 1036 postquam
1997 940 2107 1011 diu
2156 940 2225 1012 in
2268 940 2689 1013 bibliothecis
2718 941 3178 1032 delituerant,
3221 964 3373 1032 ‚nec
3425 940 3552 1011 nisi
3603 942 3669 1012 in
3715 967 4079 1037 paucorum

933 1053 1235 1128 notitiam
1264 1068 1623 1131 ·venerant
1676 1060 1787 1152 (ut
1837 1058 1949 1132 Jo.
2000 1059 2255 1131 Morini
2310 1067 2379 1132 et
2429 1057 2624 1132 Rich.
2675 1056 3002 1151 Simonii,
3082 1084 3353 1156 quorum
3405 1060 3833 1132 citationibus
3881 1062 4080 1133 iuno-

935 1175 1280 1266 tuerunt).
1356 1178 1499 1275 jam
1560 1179 1824 1251 taudem
1872 1204 2086 1275 nuper
2138 1182 2207 1252 in
2258 1180 2614 1278 publicam·
2642 1178 2860 1251 lucem
2906 1177 3291 1276 prodierunt
3312 1174 3408 1251 Ἠ).
3508 1179 3763 1251 Horum
3813 1182 4077 1269 testim,

935 1302 1204 1390 ἾΊῙΒὉΠ
1251 1295 1325 1369 '0
1377 1323 1431 1368 s·
1486 1298 1566 1369 de
1614 1302 2178 1395 punctatione
2232 1301 2379 1394 (ed.
2435 1300 2626 1373 Duk.
2675 1325 2766 1396 p.
2790 1300 3058 1371 179-
2954 1299 3262 1398 -204)
3292 1293 3364 1344 ⁹³)
3420 1306 3552 1370 tum
3606 1299 3686 1371 de
3724 1301 4076 1372 vocali-

930 1414 1080 1487 bus
1131 1415 1271 1512 agit
1315 1417 1677 1507 (scilicet
1655 1419 1741 1491 iis
1785 1442 1951 1515 quae
2002 1420 2162 1491 solis
2212 1421 2474 1517 punctis
2523 1418 2945 1492 continentur
2992 1417 3047 1496 ἆ
3095 1458 3195 1479 -
3236 1420 3323 1511 e,
3379 1427 3435 1493 ἆ
3486 1458 3589 1474 --
3634 1445 3677 1491 e
3709 1476 3726 1504 ‚
3799 1418 4078 1491 nomini-

932 1536 1051 1608 bus
1092 1533 1393 1609 Pathach
1433 1547 1500 1611 et
1551 1538 1799 1636 Qames
1845 1538 2381 1635 comprehensae,
2434 1563 2595 1635 quas
2644 1536 2910 1639 Chajug
2959 1540 3028 1611 in
3075 1539 3229 1612 libri
3278 1538 3475 1636 primi
3524 1538 3864 1635 prooemio
3914 1561 4079 1609 con-

933 1657 1107 1728 sulto
1151 1681 1222 1729 se
1263 1657 1530 1730 dixerat
1577 1659 1873 1757 omisisse
1921 1666 1997 1730 ut
2045 1658 2240 1730 nimis
2294 1683 2354 1759 a„
2383 1660 2720 1754 proposito
2773 1683 2894 1730 suo
2944 1659 3310 1750 remotas),
3359 1667 3500 1730 tum
3554 1658 3634 1730 de
3691 1658 4085 1731 accenti-

931 1777 1115 1850 bus.
1243 1775 1396 1849 Jam
1478 1778 1605 1850 iste
1682 1776 1764 1849 de
1860 1781 2241 1850 accentibus
2318 1781 2504 1850 locus
2581 1776 2723 1869 (ed.
2799 1776 2989 1850 Duk.
3055 1802 3122 1874 p.
3178 1775 3592 1873 191—99)
3681 1780 3796 1874 qui
3874 1776 4082 1853 ww

931 1903 1365 1972 ΒΠὉΊΠΞἹ
1435 1906 1778 1993 ἾἹῙῺὍΠ
1846 1896 2115 1970 nimi?
2178 1898 2566 1970 inscribitur
2594 1893 2697 1991 ²⁴’‚
2786 1897 3067 1993 primuni
3136 1899 3396 1969 vocales
3461 1897 3709 1991 Qames
3771 1919 4079 1992 magnum

931 2028 1001 2089 ct
1057 2041 1369 2112 parvum,
1446 2015 1749 2089 Patbach
1819 2040 2129 2110 magnum
2197 2026 2268 2089 et
2318 2042 2629 2114 parvum,
2716 2025 3110 2113 caeteraque
3163 2025 3413 2114 puncta
3460 2057 3560 2074 —-
3609 2014 3872 2090 Seh‘va
3929 2015 4084 2088 Da·-

930 2139 1133 2235 gesch
1181 2136 1463 2234 Rapbch
1514 2180 1614 2191 —-
1661 2139 1897 2208 iterum
1958 2145 2306 2227 recenset3
2379 2136 2617 2210 deinde
2681 2135 2768 2209 ad
2818 2140 3132 2209 accentus
3172 2136 3355 2233 ipsos
3404 2159 3755 2209 conversus
3800 2138 4085 2233 primum

932 2257 1427 2352 catalogum
1496 2257 1703 2348 texit,
1783 2264 1849 2329 et
1899 2255 2307 2329 dominorum
2360 2256 2618 2355 quidem
2671 2279 2817 2330 cum
2860 2256 3178 2330 ministris
3226 2255 3362 2329 suis
3409 2257 3526 2328 vel
3569 2254 4086 2329 subdistinctivis

928 2377 1410 2474 compositum,
1458 2376 1902 2475 hujuscemodi
1932 2369 2005 2425 ²⁵)

1064 2634 1159 2699 22)
1206 2630 1655 2686 Grammatische
1690 2629 1900 2684 Wcrke
1948 2631 2048 2684 des
2084 2631 2149 2684 R.
2184 2628 2464 2683 Jehuda
2500 2627 2638 2683 Cha
2649 2628 2672 2696 j
2684 2630 2813 2699 jug
2860 2642 2964 2679 aus
3000 2626 3171 2694 Fetz,
3237 2643 3340 2680 aus
3383 2627 3486 2680 der
3525 2627 3840 2682 Miinchner
3876 2628 4081 2684 Hand-

927 2717 1129 2772 schrift
1165 2735 1292 2772 zum
1330 2720 1635 2789 erstenmai
1669 2719 2130 2788 herausgegebeu
2170 2718 2284 2769 und
2320 2718 2425 2769 mit
2462 2716 2653 2768 Noten
2689 2711 2964 2767 vei-seben
3002 2731 3112 2766 von
3146 2713 3632 2789 Leopolcl¹Dukes.
3683 2715 3892 2786 Stuttg.
3933 2717 4081 2772 1844.

923 2807 1030 2858 2⁰0
1065 2821 1231 2875 pagg.
1301 2808 1382 2861 8⁰.
1458 2808 1615 2871 Quae
1653 2808 1832 2860 editio
1873 2806 2064 2873 operis
2099 2818 2212 2855 una
2248 2819 2373 2855 cum
2411 2802 2648 2856 Ewaldo
2687 2801 2862 2864 editi,
2910 2801 3064 2869 quod
3097 2800 3424 2870 „Beitrz'ige
3456 2812 3564 2853 'zur
3601 2802 3942 2859 Geschichte
3980 2806 4084 2859 der

926 2892 1109 2945 iiltern
1150 2894 1474 2966 AusIegung
1521 2895 1635 2947 und
1673 2892 2201 2963 Spracherkliirung
2253 2888 2354 2942 des
2391 2889 2452 2941 A.
2492 2889 2604 2939 T.“
2651 2889 3094 2956 inscripserunt,
3164 2888 3337 2940 tertio
3391 2894 3553 2940 tomo
3594 2887 3911 2942 exhibetur.
3980 2893 4084 2946 Est

925 2981 1114 3034 versio
1149 2982 1628 3044 Aben‘ezrae‚
1693 2982 1852 3049 cujus
1903 2986 2131 3049 praeter
2164 2973 2274 3029 hoc
2326 2974 2540 3027 nullum
2592 2973 2749 3026 aliud
2796 2974 3046 3026 innotuit
3079 2973 3426 3046 exemplumt
3486 2990 3615 3026 nam
3653 2980 3870 3030 caeteri
3916 2980 4085 3034 codd.

924 3082 1121 3120 omnes
1159 3068 1482 3135 Geqatiliae
1533 3070 1854 3120 versionem
1902 3064 2191 3116 exhibent.
2265 3063 2473 3115 Verum
2519 3059 2613 3111 hic
2660 3063 2870 3111 textus
2896 3060 3039 3113 satis
3075 3060 3221 3113 male
3259 3060 3515 3125 habitus,
3573 3070 3691 3115 tum
3729 3064 3967 3118 editoris
4003 3068 4086 3119 in-

924 3155 1087 3206 curia
1135 3161 1253 3204 tum
1287 3154 1468 3221 ipsius
1503 3153 1720 3204 codicis
1754 3151 1928 3211 vitio,
1994 3155 2052 3200 et
2086 3148 2433 3200 foedissimis
2471 3144 2688 3196 mendis
2721 3146 3068 3213 inquinatus.
3140 3145 3377 3198 Accedit
3409 3145 3558 3213 quod
3595 3149 3783 3200 versio
3820 3150 4087 3205 Aben‘ez-

924 3255 1025 3292 rae
1065 3255 1100 3291 a
1137 3231 1524 3307 Geqa'tiliana,
1582 3239 1740 3305 cujus
1782 3237 2068 3305 specimen
2106 3233 2294 3287 editor
2328 3233 2570 3301 adjecit,
2619 3229 2785 3284 valde
2823 3230 3141 3299 discrepat,
3187 3246 3300 3282 non
3337 3231 3526 3304 verbis
3559 3239 3775 3286 tantum
3818 3236 3917 3288 sed
3956 3239 4081 3304 ipso

926 3335 1281 3394 argumento.
1355 3325 1515 3379 Unde
1554 3327 1752 3379 'veram
1806 3323 2058 3377 auctoris
2103 3335 2325 3374 manum
2367 3321 2482 3374 nisi
2518 3333 2589 3371 ex
2621 3318 2865 3372 Arabico
2901 3318 3216 3385 archetypo
3255 3318 3531 3386 cognosci
3566 3334 3679 3372 non
3714 3335 3885 3388 posse
3923 3323 4087 3379 intel·

926 3413 1145 3481 ligitur.

1064 3520 1156 3581 23)
1205 3517 1391 3584 Hujus
1430 3519 1578 3571 ratio
1616 3532 1651 3570 a
1684 3516 2032 3586 reliquorum
2068 3513 2210 3565 satis
2247 3510 2505 3573 diversa,
2559 3515 2674 3561 tam
2711 3514 3041 3580 argumento
3078 3522 3242 3574 quam
3281 3504 3499 3588 forma.
3553 3506 3696 3562 Nam
3730 3526 3854 3564 cum
3891 3515 3974 3565 illi
4012 3516 4084 3569 de

919 3605 1112 3658 verbis
1160 3605 1436 3658 anomalis
1486 3621 1532 3656 s.
1578 3603 1814 3656 infirmis
1862 3607 2123 3655 accurate
2171 3593 2243 3651 et
2264 3596 2502 3664 copiose
2536 3602 2741 3662 agant,
2803 3592 2897 3647 hic
2934 3595 2994 3646 in
3030 3592 3366 3647 definiendis
3401 3600 3519 3645 tum
3552 3592 3775 3648 formae
3811 3597 4084 3668 cujusque

924 3691 1220 3743 vocalibus
1273 3698 1391 3743 tum
1439 3691 1798 3752 accentibus,
1860 3686 1912 3739 h.
1953 3702 2006 3740 e.
2052 3687 2110 3737 in
2157 3682 2498 3752 praeceptis
2530 3682 2602 3733 ad
2646 3695 2822 3733 voces
2869 3687 3024 3748 recte
3059 3680 3354 3732 vocalibus
3391 3687 3450 3732 et
3483 3683 3810 3734 accentibus
3847 3684 4087 3740 efferen-

927 3777 1030 3829 das
1067 3785 1354 3841 versatur,
1408 3774 1875 3845 quemadmodum
1905 3770 2090 3823 libelli
2127 3767 2491 3821 instituendis
2529 3764 2952 3817 lectoribus
2988 3780 3034 3815 s.
3073 3779 3120 3813 s.
3155 3764 3556 3829 inservientes,
3594 3779 3776 3834 neque
3812 3767 3873 3820 id
3907 3776 4085 3826 conti-

923 3877 1039 3915 nua
1076 3864 1336 3916 oratione
1379 3871 1439 3916 et
1477 3869 1636 3917 certo
1675 3860 1907 3925 ordine,
1967 3857 2067 3910 sed
2112 3872 2181 3909 ex
2218 3853 2461 3909 diversis
2497 3850 2821 3905 tra'ctatuiis
2855 3848 2950 3902 vel
2982 3848 3349 3916 fragmentis,
3398 3847 3726 3917 plerumque
3771 3852 3906 3903 ‘wrm
3952 3857 4089 3909 ⁸2:⁹12>

926 3948 1238 4019 inscriptis,
1274 3951 1643 4019 compositus.

1065 4054 1158 4110 24)
1211 4054 1435 4106 Titulus
1471 4067 1678 4106 nomen
1715 4046 1946 4102 exhibet
1979 4047 2150 4100 latius
2184 4053 2385 4117 patens
2421 4041 2594 4108 ’ἹἹῬὌ
2638 4044 2975 4108 punctorum
3013 4036 3068 4090 h.
3107 4051 3160 4090 e.
3199 4034 3483 4089 vocalium
3521 4044 3580 4089 et
3614 4048 3978 4106 accentuum·
4030 4058 4090 4102 et

927 4144 1110 4210 ipsum
1146 4138 1424 4193 tractatus
1459 4141 1682 4191 initium
1720 4151 1756 4189 a
1788 4134 2083 4190 vocalibus
2121 4134 2328 4195 Qames
2368 4137 2426 4184 et
2461 4125 2748 4193 Pathach,
2803 4123 3025 4180 Schera
3067 4132 3176 4178 etc.
3220 4125 3514 4190 exorsum,
3557 4126 3768 4191 repetit
3807 4131 4088 4188 vocalium

930 4237 1401 4297 caeterorumque
1449 4232 1787 4294 punctorum
1835 4221 2216 4284 mentionem,
2277 4218 2442 4287 quasi
2492 4214 2636 4268 haec
2683 4187 2866 4281 prima
2917 4218 3069 4264 esset
3115 4224 3220 4262 nec
3269 4208 3443 4278 longa
3478 4209 3574 4262 de
3592 4211 3676 4263 eis
3711 4220 4087 4280 praecesserit

932 4315 1257 4383 disputatio.
1330 4313 1499 4365 Patet
1543 4310 1834 4377 proprium
1879 4312 2183 4362 tractatum
2233 4320 2360 4357 esse
2409 4312 2467 4358 et
2502 4318 2539 4354 a
2575 4298 2820 4354 caeteris
2855 4297 3137 4363 alienum,
3199 4309 3365 4364 quem
3401 4309 3504 4364 pro
3541 4295 3670 4349 rudi
3706 4298 3827 4366 ejus
3864 4305 4087 4356 ratione

934 4402 1180 4453 oninium
1217 4398 1667 4468 antiquissimum
1704 4409 1960 4447 censeas.
2042 4409 2043 4416 ¹

1069 4509 1163 4569 25)
1211 4503 1367 4557 Infra
1411 4505 1472 4556 in
1518 4499 1829 4569 appendice
1864 4499 1935 4550 Π.
1982 4495 2131 4550 hunc
2176 4494 2364 4547 locum
2413 4489 2696 4545 exhibebo
2751 4491 2815 4540 ut
2859 4483 3104 4554 habetur
3149 4485 3210 4537 in
3258 4484 3459 4538 codice
3508 4486 3811 4540 Heimanni
3853 4489 4086 4561 Iosephi

931 4589 1266 4653 michael,
1325 4586 1804 4660 Hamburgensis,
1862 4581 2251 4638 honestissimi
2284 4580 2396 4634 viri
2430 4591 2610 4647 nuper
2645 4572 2928 4638 defuncti,
2984 4572 3080 4641 qui
3117 4569 3503 4640 apographum
3539 4571 3937 4627 humanissime
3974 4592 4085 4630 me-

936 4691 1063 4731 eum
1100 4677 1556 4731 communicavit.
