4673 5897
1755 320 1944 339 a
2129 270 2187 358 ὅ
2370 322 2564 339 α--α

463 468 483 561 f
568 464 708 541 cis
767 461 943 562 apud
990 459 1361 560 Cbajugum
1429 484 1877 557 comparamus
1896 488 1919 534 :
1999 430 2254 535 hol-mn¹
2295 460 2461 535 nihil
2509 457 3055 558 deprehendimus
3103 468 3233 560 quo
3283 459 3724 561 offendamur:

580 586 799 658 omnia
854 583 952 656 ibi
1014 583 1248 656 facilia
1298 579 1387 676 [et
1444 580 1772 678 expedita.
1872 580 2065 656 Ordo
2113 566 2279 659 *¹²9⁹
2327 579 2683 671 secundnm
2729 581 2945 654 locum
2990 591 3307 680 occupat:
3392 580 3722 675 ultimum,

575 708 676 784 uti
725 731 835 780 res
884 702 1137 803 poscit,
1172 709 1481 775 ΠἿῺΏΠ
1535 728 1628 766 =
1683 710 1906 778 rum.
2005 699 2268 774 Deinde
2314 703 2627 775 accentus
2674 724 2795 798 pro
2837 700 2976 772 toni
3024 703 3356 775 varietate
3403 702 3501 773 ita
3546 701 3725 774 inter

577 824 845 899 ordines
908 821 1244 896 distributi
1307 827 1383 892 ut
1448 843 1575 892 nec
1644 819 1756 915 qui
1820 805 2116 919 depressi
2170 823 2261 894 sit
2307 820 2448 893 toni
2497 819 2566 892 in
2617 819 2866 892 elevati
2915 817 3253 892 ordinibus
3306 830 3595 896 ruffin-¹
3650 828 3721 894 et

573 926 741 1023 δὺν
800 941 1275 1039 conspiciatur,
1332 962 1489 1012 nec
1548 940 1662 1035 qui
1729 939 1966 1012 elevati
2011 943 2103 1013 sit
2122 942 2216 1015 ‚in
2268 940 2565 1037 depressi
2614 938 2879 1014 ordine:
2957 938 3192 1036 zarqa
3240 939 3413 1012 euim
3463 945 3531 1012 et
3575 937 3722 1013 Re-

575 1060 752 1140 bhia‘
809 1061 1038 1160 primis
1090 1057 1442 1155 adscripti:
1513 1054 1835 1154 Legarmi
1851 1109 1879 1150 ,
1961 1058 2354 1158 Tiphchach
2370 1111 2395 1151 ,
2479 1056 2791 1131 Athnach
2834 1064 2902 1130 et
2945 1056 3168 1155 Silluq
3216 1058 3358 1134 unfi
3403 1060 3474 1130 iu
3523 1059 3720 1131 tertio

572 1182 939 1280 compositi.
1038 1178 1220 1251 Hinc
1269 1179 1337 1250 iu
1390 1177 1708 1274 prosaicis
1757 1178 2028 1252 secundi
2080 1188 2145 1251 et
2196 1179 2377 1251 tertii
2427 1177 2682 1250 ordinis
2731 1176 3085 1274 descriptio
3137 1186 3269 1251 tam
3320 1175 3492 1275 apud
3534 1177 3723 1252 Cha-

567 1303 800 1401 jugum
853 1314 1053 1397 quam
1103 1296 1276 1394 apud
1328 1295 1790 1369 beu-Bileam
1848 1307 2073 1394 aperte
2123 1297 2475 1394 depravata
2519 1303 2593 1370 et
2642 1321 2727 1370 ex
2774 1294 3061 1372 metrica
3107 1296 3509 1371 emendanda
3559 1296 3721 1369 mihi

567 1420 848 1495 videtur.
949 1415 1048 1490 Et
1115 1419 1211 1489 ita
1271 1415 1532 1513 quidem
1593 1422 1668 1487 ut
1729 1397 1896 1491 *5¹7⁹
1954 1416 2307 1490 secundum
2374 1417 2588 1489 locum
2643 1421 2961 1513 occupet,
3045 1424 3335 1492 n'mva'l
3402 1441 3460 1487 s.
3525 1425 3721 1493 ΠἋῺ

569 1538 873 1630 tertium,
946 1532 1266 1611 accentfis
1323 1557 1484 1606 vero
1516 1532 1672 1630 ipsi
1714 1533 1863 1607 loco
1917 1561 2036 1609 suo
2086 1562 2213 1609 non
2260 1545 2677 1628 moveantur,
2739 1535 2872 1607 nisi
2923 1534 3096 1632 quod
3139 1532 3523 1608 Athnachus
3573 1557 3720 1610 cum

568 1657 798 1753 Zarqa
846 1664 914 1729 et
955 1652 1238 1728 Rebhi‘o
1286 1654 1505 1725 locum
1555 1661 1930 1728 commutet.
2026 1653 2152 1729 Sic
2205 1655 2370 1728 baec
2417 1653 2638 1753 prodit
2685 1652 2987 1726 ‘ordinum
3036 1652 3429 1750 descriptio:
3486 1651 3567 1745 l)
3607 1660 3722 1726 to-

568 1776 643 1847 ni
693 1774 1249 1848 ascendentis
1300 1753 1584 1862 (mblffi
1634 1754 1828 1868 ἫΡΠ
1880 1779 2117 1864 Π“Ἶ“)ε
2179 1773 2438 1867 Pazer,
2508 1771 2890 1864 Talscbah,
2943 1768 3201 1862 Teres3
3254 1773 3342 1868 2)
3392 1772 3723 1845 elevati

574 1872 859 1988 (³:¹7⁹)
909 1890 1224 1984 Rebbia',
1270 1889 1607 1982 Pasclnta,
1657 1891 1965 1991 Zaqeph,
2017 1894 2244 1990 Zarqa
2290 1895 2393 1989 (et
2445 1891 2808 1992 Segolta);
2862 1892 2940 1985 3)
2981 1890 3409 1990 depressi:
3460 1890 3721 1991 Egar-

564 2012 762 2106 meh,
812 2010 1069 2086 Tebbir
1087 2063 1113 2104 ,
1165 2008 1518 2107 Tiphcha,
1567 2008 1906 2104 Atbnach,
1960 2010 2210 2110 Silluq.

979 2135 1061 2220 4)
1160 2130 1271 2201 De
1323 2126 1475 2199 dist.
1522 2132 1659 2200 tum
1709 2131 2127 2227 repetitis
2170 2130 2593 2235 (mffl'mn)
2631 2137 2767 2205 tum
2809 2155 2949 2205 non
2988 2132 3320 2229 repetitis,
3370 2138 3441 2204 et
3467 2130 3722 2228 quotics

569 2251 840 2351 quisque
888 2250 1216 2348 repetitus
1266 2246 1663 2319 inveniatur.
1766 2249 1961 2324 Haec
2015 2259 2084 2341 et
2132 2253 2282 2350 ipsa
2321 2251 2463 2348 jam
2507 2251 2697 2350 apud·
2732 2251 3202 2327 GnAsuouM
3256 2258 3518 2324 exstant
3550 2246 3652 2323 ¹⁴).

978 2371 1062 2471 5)
1158 2368 1269 2439 De
1322 2354 1662 2438 numero
1713 2369 2290 2447 ministrorum
2343 2366 2452 2469 (⁸1⁸7
2507 2371 2778 2470 mvsm)
2826 2371 2894 2442 h.
2928 2393 2989 2441 e.
3041 2376 3199 2467 quot
3250 2367 3403 2442 dist.
3444 2371 3718 2467 quisque

569 2490 907 2563 ministros
956 2488 1203 2561 habere
1254 2485 1511 2583 possit:
1568 2486 1679 2582 qui
1720 2510 1955 2582 unum,
2007 2491 2120 2588 qui
2173 2490 2373 2583 duos,
2422 2492 2530 2565 vel
2581 2500 2760 2583 tres,
2812 2496 3088 2587 quatuor
3140 2497 3271 2562 etc.

925 2608 1046 2703 fi)
1147 2605 1257 2679 De
1306 2603 1640 2677 vicinia
1693 2608 2022 2703 (ΜἸΞΨ)
2071 2611 2662 2683 ministrorum
2710 2611 2774 2684 h.
2821 2635 2888 2687 e.
2932 2633 3094 2708 ques
3147 2607 3424 2707 quisque
3476 2607 3723 2682 habeat
3831 2696 3838 2705 ν

568 2728 814 2803 viciuos
867 2728 973 2801 vel
1024 2710 1469 2800 conterminos
1521 2730 1658 2797 tum
1711 2728 2168 2823 conjunctivos
2220 2737 2360 2802 tum
2407 2728 2837 2803 distinctivos.

865 2932 940 3003 2.
1034 2927 1237 3005 Alter
1308 2934 1500 3011 locus
1548 2935 1767 3031 ‘isque
1820 2932 2219 3032 praecipuus
2286 2938 2357 3006 et
2422 2933 2628 3030 longe
2691 2931 2975 3006 maxima
3037 2931 3189 3005 libri
3250 2957 3406 3030 pars
3469 2939 3573 3006 est
3639 2931 3722 3005 de

570 3049 958 3147 singulis
1008 3053 1114 3122 12
1161 3050 1709 3130 distinctivis
1762 3075 2113 3148 eorumque
2162 3051 2572 3126 rationibus:
2647 3052 2729 3125 de
2779 3054 3097 3151 cujusque
3144 3050 3401 3149 figura,
3458 3050 3727 3148 specie-

568 3170 734 3262 bus,
800 3170 1159 3267 praecipue
1227 3197 1384 3245 vero
1427 3176 1871 3249 ministrorum
1926 3167 2457 3268 praecedentium
2507 3193 2813 3264 numero,
2891 3170 3220 3244 varietate
3271 3176 3340 3245 et
3390 3168 3729 3243 conditio-

565 3291 803 3382 nibus,
880 3290 1103 3362 allatis
1170 3315 1431 3390 semper
1497 3317 1722 3368 eorum
1787 3315 1955 3388 quae
2019 3289 2278 3362 rariora
2339 3291 2444 3362 vel
2487 3291 2795 3362 anomala
2841 3297 2997 3361 sunt
3042 3289 3214 3363 locis
3257 3290 3564 3382 biblicis,
3637 3288 3726 3362 ad

564 3406 883 3481 Masorae
931 3408 1213 3482 modum.
1265 3411 1460 3487 Haec
1499 3415 1644 3488 fere
1697 3411 1919 3486 omnia
1948 3452 2044 3463 —
2076 3409 2376 3504 exceptis
2417 3408 2553 3480 illis
2608 3431 2777 3504 quae
2830 3391 3003 3506 apud
3046 3408 3723 3490 BEN-Ascnnamu
3819 3451 3828 3456 <

570 3525 653 3598 de
703 3527 984 3599 chlniri
1050 3537 1120 3600 et
1161 3529 1477 3627 Zarqae,
1551 3540 1625 3604 et
1685 3529 1859 3626 apud
1911 3527 2384 3601 Cnamcum
2454 3526 2534 3599 de
2589 3525 2913 3618 Tebhiri,
2989 3525 3321 3600 Paschtae
3381 3535 3449 3599 et
3496 3524 3724 3600 Gere-

434 3635 437 3642 ’
566 3643 711 3716 schi
760 3644 1077 3715 ministris
1129 3646 1673 3741 alternantibus,-
1718 3672 1847 3721 nec
1896 3669 2031 3717 non
2085 3643 2165 3717 de
2214 3643 2591 3744 Schopbari
2639 3654 2878 3721 ww:
2931 3657 2999 3717 et
3042 3626 3251 3743 θὼρ
3305 3644 3718 3736 discrimine,

536 3815 540 3819 -
567 3759 778 3858 deque
842 3763 1159 3860 Zaqepho
1226 3766 1299 3836 in
1368 3766 1603 3843 eadem
1669 3792 1826 3845 voce
1877 3762 2335 3861 Schopharum
2400 3763 2588 3838 modo
2642 3764 3052 3861 superiorem
3094 3763 3284 3836 modo
3334 3765 3724 3838 inferiorem

567 3881 698 3953 sibi
759 3881 1161 3980 adjungente
1222 3906 1425 3982 supra
1456 3884 2014 3983 'deprehendimus
2050 3879 2127 3938 ¹⁵)
2181 3926 2282 3944 -
2331 3882 2506 3982 apud
2556 3892 2859 3957 nostrum
2908 3883 3256 3980 primum
3301 3890 3723 3981 congesta

566 4006 708 4070 aut
786 4004 1289 4078 accuratius
1362 4005 1689 4078 tradita
1757 4005 2214 4098 inveniuntur,
2291 4005 2607 4102 pleraque
2684 4004 2828 4076 sine
2887 4002 3085 4078 dubio
3156 4029 3241 4077 ex
3300 4001 3721 4076 MAsoaAn‘

782 4214 872 4280 14)
906 4217 1120 4271 Par-tic.
1159 4215 1203 4272 l]
1245 4235 1301 4288 p.
1340 4221 1426 4276 16.

776 4318 867 4381 15)
899 4334 951 4374 v.
993 4328 1134 4389 part.
1171 4323 1214 4374 1.
1256 4338 1311 4391 p.
1349 4323 1382 4374 8
1409 4341 1454 4375 s.
1494 4323 1562 4377 14
1584 4342 1628 4378 s.
1687 4325 1866 4390 ’Quae
1900 4325 2103 4379 ultimo
2152 4326 2283 4378 loco
2333 4339 2506 4393 supra
2539 4330 2852 4378 memorata
2887 4336 3035 4391 sunt,
3072 4332 3274 4379 noster
3301 4322 3364 4374 in
3398 4320 3719 4390 Zuqephi

566 4404 751 4470 eapite
785 4409 1023 4467 tractat,
1061 4409 1157 4460 ubi
1193 4417 1310 4461 tum
1347 4410 1418 4461 de
1457 4410 1774 4480 Schophari
1811 4394 1980 4464 ’ἢν
2018 4418 2075 4465 et
2108 4395 2376 4462 baum:
2415 4411 2738 4464 discrimine
2776 4411 2975 4464 eadem
3009 4411 3134 4466 fere
3171 4422 3315 4479 quae
3353 4421 3443 4476 ap.
3481 4405 3724 4477 Chajug.

565 4487 637 4540 dc
675 4487 805 4542 Βοὴ.
845 4489 1081 4541 ’ἹΝὉΠ
1117 4501 1174 4546 et
1210 4475 1425 4564 ΒῬΒῬ,
1459 4503 1577 4548 tum
1614 4496 1685 4549 de
1722 4494 1969 4550 Paschta
2006 4512 2130 4549 cum
2167 4494 2434 4565 Zaqepho
2472 4497 2532 4549 in
2571 4491 2766 4549 eadem
2803 4512 2946 4550 voce
2984 4495 3322 4565 composito,
3361 4507 3544 4561 quem,
3582 4494 3721 4560 quia

563 4570 818 4646 Metbegi
851 4573 1047 4628 locum
1077 4588 1346 4649 occupat,
1403 4582 1805 4650 Methtgam
1838 4582 2098 4649 (rwnn)
2136 4589 2351 4646 vocat,
2416 4589 2476 4635 et
2526 4584 2586 4635 in
2621 4582 2888 4653 Zaqepho
2938 4595 3145 4651 magno
3192 4575 3416 4648 virgula
3450 4579 3716 4647 imponit-⁴

563 4661 864 4714 nummulo
898 4659 1040 4717 dicit
1079 4675 1499 4735 compensatam
1533 4665 1902 4735 (Monachum
1941 4669 2115 4722 simili
2154 4669 2383 4722 ratione
2416 4683 2543 4722 cum
2576 4668 2844 4739 Zaqepbo
2881 4669 3253 4738 compositum
3289 4664 3473 4735 silet).
