4673 5897
2056 290 2844 374 *ιε-..ι

883 500 1018 548 non
1066 500 1109 549 a
1158 475 1426 552 Pazero
1477 477 1599 553 sed
1646 478 1730 550 ab
1782 474 2140 551 Athnacho
2189 476 2532 573 ordiente‚
2596 479 2838 577 qnippe
2888 503 2980 571 sy
3006 478 3265 550 mboli
3303 503 3600 553 normam
3651 491 3908 577 secuto,
3954 514 4035 559 ex
4129 482 4138 495 ’

880 596 1254 671 initialibus·
1326 599 1660 671 nominum
1720 597 1934 697 literis
1998 621 2118 694 pro
2183 620 2365 670 more
2424 597 2829 672 Judaeorum
2890 599 2960 722 in
3023 598 3276 671 huncce
3335 598 3596 674 modum
3659 601 3866 677 efficti
3928 610 4034 699 (ut

875 713 1021 812 jam
1081 716 1255 814 apud
1304 714 1755 808 Simeonem).
1817 706 2045 809 00'115,
2093 701 2302 810 ἣῑἾἿ,
2351 701 2556 817 η’ὓι),
2607 705 2807 812 0⁵0³,
2860 695 3032 793 n'm
3106 714 3511 790 Ministri
3564 722 3826 819 quidem
3873 750 4038 798 no-

881 861 1062 909 vem
1126 836 1554 928 exhibentur,
1629 835 1828 908 iidem
1897 834 2039 909 fere
2101 837 2214 933 qui
2279 836 2453 934 apud
2505 837 2681 930 Bil.,
2756 837 2878 911 sed
2922 859 3268 934 perperam
3317 839 3554 912 omisso
3605 840 3920 942 Galgal
3974 873 4034 919 s.

762 1019 775 1027 ,
831 979 834 981 “
880 951 1131 1029 Jerach
1195 958 1382 1047 (vitio
1451 956 1698 1031 codicis
1760 955 1908 1029 sine
1961 954 2248 1049 dubio),
2320 963 2397 1030 ut
2462 981 2766 1031 numerus
2819 982 3042 1030 eorum
3094 956 3313 1054 potius
3363 957 3452 1029 sit
3503 958 3830 1055 decem,
3911 991 4031 1061 pro

885 1072 1279 1173 Schopharo
1340 1077 1596 1172 triplici
1657 1073 1903 1173 (quem
1952 1099 2073 1171 pro
2122 1099 2256 1148 uno
2300 1100 2685 1149 numerasse
2733 1076 2872 1149 Bil.
2922 1075 3228 1161 vidimus)
3277 1079 3413 1173 jam
3459 1082 3816 1153 numeratis
3865 1110 4034 1179 qua-

883 1203 1077 1266 tuor:
1141 1194 1478 1287 Monach,
1523 1192 1947 1287 Mecharbel‚
1993 1191 2176 1266 ‘Iuni
2219 1200 2288 1267 et
2332 1193 2669 1291 Mahpacln
2697 1191 2794 1268 ⁵⁷'.
2845 1238 2949 1253 —
3047 1196 3315 1269 Deinde
3374 1197 3457 1270 de
3506 1200 4030 1295 singulorum

885 1312 1595 1387 distinctivorum
1662 1338 1809 1386 cum
1875 1314 2195 1387 ministris
2252 1314 2388 1386 suis
2440 1314 2804 1387 rationibus
2852 1315 3237 1388 breviter
3287 1315 3482 1411 (qnia
3531 1328 3799 1414 propter
3845 1322 4030 1393 loco·

882 1458 1028 1505 rum
1097 1433 1483 1507 biblicorum
1546 1432 2100 1507 enumerationem
2160 1431 2242 1505 ad
2286 1432 2632 1506 Masoram
2679 1433 2986 1531 relegare
3032 1431 3240 1526 solet)
3294 1433 3411 1508 sed
3462 1438 3915 1532 perspicue
3962 1454 4030 1514 et

887 1551 1311 1625 distincte
1380 1552 1646 1649 agitur,
1692 1552 1788 1664 „³¹¹
1836 1553 2062 1649 Zarqa
2116 1553 2513 1650 praesertim
2579 1561 2650 1627 et
2700 1553 3035 1645 Tebhiro,
3111 1553 3192 1626 de
3255 1554 3493 1651 quibus
3548 1557 3918 1639 accuratius
3963 1568 4030 1630 et

884 1671 1253 1745 distinctius
1303 1672 1710 1769 praecipitur
1759 1695 1949 1768 qnam
2002 1673 2069 1744 in
2125 1670 2446 1745 Masorah
2497 1679 2568 1745 et
2617 1672 2792 1770 apud
2838 1673 3131 1770 priores;
3195 1670 3367 1745 unde
3418 1653 4030 1752 Heidenheintim

879 1791 1053 1864 hunc
1100 1791 1322 1863 locum
1367 1791 1438 1861 in
1482 1792 1640 1863 libri
1680 1792 1783 1862 sui
1829 1787 2133 1865 secunda
2180 1798 2378 1889 parte
2423 1793 2800 1890 praeceptis
2841 1791 2984 1864 suis
3029 1816 3151 1888 pro
3197 1791 3628 1866 fundamento
3677 1770 3986 1894 subjecit.

1183 1992 1330 2069 Iste
1396 2019 1543 2068 cum
1605 1994 1870 2066 ultimus
1933 1995 2078 2069 fere
2143 1997 2233 2069 sit
2295 1988 2526 2070 eorum
2594 1996 2704 2094 qui
2753 1998 3085 2093 antiquam
3133 1994 3546 2070 Bileamidae
3592 2008 3658 2072 et
3707 1999 4025 2077 Masorae

882 2113 1295 2212 disciplinam
1340 2113 1736 2210 simpliciter
1784 2113 2047 2238 tradere
2098 2116 2266 2189 satis
2313 2113 2601 2190 habenta
2652 2115 2761 2188 hic
2811 2118 3020 2213 igitur
3067 2114 3330 2188 dicendi
3380 2116 3530 2188 finis
3580 2092 3752 2192 esto.

1184 2317 1556 2412 Antequam
1608 2324 1824 2389 autem
1868 2319 2190 2390 calamum
2242 2318 2609 2418 deponam,
2658 2344 2793 2391 non
2846 2344 3114 2416 possum
3161 2344 3296 2390 non
3344 2322 3594 2415 gratias
3644 2349 3836 2421 quam
3887 2355 4030 2401 ma-

882 2441 1095 2510 ximas
1152 2436 1413 2533 publice
1472 2459 1675 2533 agere
1724 2438 1942 2511 Fran
1962 2437 2190 2510 cisco
2239 2436 2823 2529 Delitzschio,
2905 2438 3044 2510 viro
3096 2438 3161 2507 in
3212 2437 3335 2510 lnoc
3383 2437 3750 2513 literarum
3781 2470 4029 2540 genere

878 2558 1058 2630 inter
1103 2562 1437 2628 nostrates
1484 2554 1828 2652 theologos
1868 2555 1980 2625 nni
2033 2554 2318 2626 omnium
2368 2556 2875 2647 versatissimo,
2951 2553 3062 2651 qui
3110 2579 3219 2626 me
3260 2556 3331 2626 in
3377 2555 3482 2627 his
3534 2563 4026 2653 quaestionibus

879 2683 1253 2750 versantem
1318 2684 1457 2745 tum
1516 2674 1703 2746 libris
1755 2673 2191 2771 suppeditatis
2237 2682 2376 2747 tum
2423 2675 3002 2747 observationibus
3045 2676 3185 2746 suis
3239 2676 3726 2751 communicatis
3768 2680 4030 2756 officio-

882 2796 1140 2870 sissime
1180 2794 1287 2866 ita:
1324 2792 1620 2893 adjuvit,
1671 2803 1746 2867 nt
1788 2794 1934 2867 sine
1986 2795 2131 2892 ejus
2178 2818 2300 2891 ope
2353 2794 2519 2867 liaeo
2563 2794 2665 2867 sic
2709 2791 3031 2891 perficere
3081 2795 3189 2866 vix
3242 2796 3592 2891 potuerim.

1178 2912 1528 2988 Caeterum
1591 2913 1649 2985 si
1719 2915 1829 3012 qui
1892 2916 2025 2988 sint
2052 2916 2185 3012 ·qui
2232 2913 2556 2987 mirentur
2606 2913 2711 2987 vel
2757 2914 2983 2986 sannis
3036 2913 3378 3011 excipiant
3428 2914 3598 3011 quod
3650 2922 3903 2994 tantam
3955 2923 4024 2996 in
4135 2926 4140 2931 ’

854 3023 984 3106 ‘his
1029 3033 1486 3110 collocaverim
1531 3031 1959 3126 industriam,
2023 3057 2198 3130 quae
2243 3031 2689 3130 putidiuscula
2736 3033 2897 3129 ipsis
2947 3039 3016 3105 et
3063 3033 3332 3105 fastidio
3379 3032 3581 3128 digna
3626 3037 4019 3115 videantur:

883 3154 988 3223 his
1052 3151 1421 3247 respondeo
1473 3176 1577 3223 me
1640 3151 1907 3224 illorum
1955 3176 2091 3223 non
2133 3152 2432 3224 invidere
2473 3152 2822 3247 supercilio
2880 3153 2994 3247 qui
3041 3151 3397 3222 minutiora
3451 3151 3849 3246 investigare
3901 3161 4021 3234 de-

850 3271 1258 3367 dignentur,
1310 3269 1627 3366 siquidem
1671 3270 1787 3342 isti
1835 3294 1960 3343 nec
2008 3271 2081 3341 iu
2130 3270 2392 3365 magnis
2440 3269 2710 3342 multum
2765 3267 2926 3341 mihi
2965 3268 3280 3341 videntur
3315 3272 3737 3370 praestituri3
3791 3301 4019 3373 meque

885 3388 1009 3461 hoc
1053 3387 1438 3485 praedicare
1471 3389 1608 3461 Dei
1662 3390 2044 3462 benefic-ium
2094 3388 2336 3485 quod
2314 3389 2651 3482 ingenium
2702 3388 2961 3462 dederit
3004 3396 3076 3461 et
3122 3388 3208 3461 ad
3257 3390 3687 3464 minutissima
3725 3418 4016 3492 quaeque

884 3517 1201 3608 promtum
1269 3516 1336 3580 et
1394 3507 1480 3580 ad
1532 3533 1772 3606 magna
1831 3506 2270 3606 intrepidum,
2336 3507 2520 3600 ⁴illud
2571 3504 2928 3580 Clorindae
2987 3508 3430 3632 nobilissimae
3474 3513 3650 3614 quod
3695 3521 3795 3584 est
3842 3515 4012 3610 apud

886 3629 1253 3704 Tassonem
1305 3628 1384 3701 de
1432 3653 1538 3702 me
1584 3630 2003 3726 professum.

1470 3747 1644 3841 „L‘
1654 3748 1825 3820 alte
1880 3770 2044 3819 nou
2072 3752 2353 3838 temo,
2401 3745 2571 3817 1’1ιιι
2596 3744 2783 3816 ιιιιΙι
2830 3770 2993 3817 non
3042 3747 3456 3838 sdegnoffi

2559 3861 2788 3914 Gierus.
2819 3858 3146 3927 liberatdl,
3184 3860 3277 3913 46.

886 4310 1039 4380 quod
1074 4309 1244 4362 etiam
1280 4305 1431 4374 apud
1470 4305 1873 4361 Simeonem
1907 4307 2115 4360 tertius
2145 4308 2414 4382 mendose
2457 4308 2702 4363 affertur
2734 4306 2920 4377 soph
2955 4270 3175 4377 ρας-ιη
3210 4320 3315 4375 pro
3353 4303 3615 4373 Panem
3652 4306 3828 4360 simili
3864 4323 4016 4364 erm.

881 4410 980 4466 ro,
1016 4396 1148 4448 inde
1184 4392 1485 4447 manifesto
1522 4391 1674 4461 quod
1707 4390 1801 4445 hic
1834 4393 1893 4446 in
1929 4393 2278 4462 singulorum
2314 4396 2657 4450 tractatione
2688 4409 2793 4447 suo
2830 4393 2960 4446 loeo
2996 4392 3319 4446 restituitur
3353 4406 3457 4460 pro
3493 4390 3650 4460 δορὴ
3683 4407 3879 4463 pusuq.

1087 4515 1181 4582 57)
1216 4514 1456 4593 Merca
1492 4514 1760 4584 duplex
1791 4493 2029 4581 (flbwn
2070 4496 2198 4582 Ἢ),
2234 4528 2378 4583 quae
2418 4528 2455 4566 a
2485 4513 2719 4567 ludaeis
2752 4526 2858 4581 pro
2890 4512 3148 4565 ministro
3185 4508 3451 4577 habetur,
3484 4524 3668 4580 noque
3701 4511 3852 4582 apud
3886 4525 4013 4566 nos-

844 4608 1030 4672 ‚trum
1086 4600 1315 4654 tabulae
1377 4600 1761 4654 ministrorum
1810 4598 2055 4664 incerta,
2113 4598 2217 4653 ned
2233 4594 2325 4651 'ut
2368 4611 2460 4668 ap.
2497 4599 2605 4653 ΒίΙ.
2649 4599 2714 4650 in
2751 4596 3009 4667 'l'iphchn
3057 4589 3351 4678 trnotundfi
3395 4603 3741 4651 memoratur
3782 4599 4012 4651 nomine

884 4685 1095 4738 mmm
1138 4673 1221 4735 ':1.
