4673 5897
2272 110 2315 193 ,ὁ
2393 129 2400 138 .

550 488 727 565 absit
774 496 851 563 ut
894 490 1120 587 aliqua
1172 494 1351 561 certe
1401 484 1596 582 hujus
1643 507 1804 582 pars
1852 485 1925 555 in
1974 483 2159 556 illam
2210 483 2521 557 incidisse
2570 485 2861 582 putanda
2909 487 2998 562 sit
3021 485 3138 588 ’ως
3227 497 3446 563 tamen
3493 489 3702 564 Ebn-

547 610 788 685 'Ezrae
867 610 1025 684 libri
1080 608 1292 682 medio
1362 608 1617 681 demum
1671 628 1850 678 saec.
1918 602 2298 677 duodecimo
2367 604 2793 700 prodierunt,
2873 615 2942 680 et
3012 610 3223 682 serius
3285 610 3428 682 sine
3495 609 3696 683 dubio

548 753 743 826 quam
806 736 879 801 ut
945 730 1010 801 in
1072 726 1255 799 illius
1308 728 1532 799 venire
1581 725 1913 821 potuerint
1959 722 2289 795 notitiam.
2394 722 2589 796 Unde
2638 748 2766 795 non
2817 733 3063 800 temere
3112 752 3402 801 errorem
3450 729 3694 803 alicubi

546 850 757 922 latere
805 851 1168 945 suspicatus
1214 854 1320 920 est
1368 843 1705 919 Zetnzius
1741 838 1843 915 ²⁰).
1944 839 2267 938 Equidem
2315 831 2488 938 apud
2549 842 2630 914 de
2677 842 2994 917 Rossium
3040 845 3255 919 latere
3305 848 3524 921 nullus
3571 847 3695 922 du-

551 969 709 1041 bito.
815 967 1147 1066 Quicquid
1211 966 1386 1039 enim
1451 965 1562 1037 hic
1604 964 1675 1035 in
1729 961 1954 1036 codice
2001 984 2119 1033 suo
2168 959 2452 1032 viderit:
2532 959 2946 1036 Bileamidae
2991 988 3152 1060 opus
3200 989 3342 1038 esse
3390 966 3692 1039 libellum

544 1096 876 1178 nostrum,
947 1090 1085 1186 jam
1145 1096 1335 1160 extra
1398 1107 1651 1157 omnem
1705 1079 2220 1155 controversiam
2266 1080 2550 1176 positum
2604 1089 2727 1153 est.
2830 1080 2999 1155 Nam
3050 1108 3180 1155 non
3222 1084 3431 1157 solum
3483 1086 3691 1182 ipsius

546 1206 983 1278 testimonium
1031 1208 1344 1279 babemus
1395 1227 1591 1300 supra
1642 1202 2052 1293 exhibitum,
2122 1198 2236 1271 sed
2287 1201 2429 1295 ipso
2478 1201 2671 1273 etiam
2720 1201 2927 1273 libri
2974 1212 3499 1299 argumento,
3570 1230 3691 1277 cu-

536 1327 645 1420 jus
712 1326 999 1421 aliquam
1063 1351 1270 1422 nuper
1336 1325 1517 1395 nacti
1570 1345 1790 1392 sumus
1837 1319 2183 1409 notitiam,
2260 1317 2686 1391 confirmatur
2713 1315 2822 1389 ωε
2901 1323 3087 1418 cujus
3137 1331 3203 1393 et
3253 1324 3575 1418 praefatio
3624 1332 3690 1394 et

540 1452 995 1537 argumentum
1045 1456 1111 1517 et
1155 1445 1433 1516 ambitus
1488 1446 1673 1531 (nam
1722 1438 2058 1536 prosaicos
2112 1446 2179 1510 et
2229 1439 2522 1534 poeticos
2573 1442 2883 1511 accentus
2935 1442 3470 1536 complectitur),
3544 1445 3689 1539 ipsa

545 1562 823 1659 deniqne
887 1568 1104 1662 capita
1170 1567 1268 1638 ita
1331 1588 1475 1635 cum
1539 1562 1656 1632 illo
1732 1559 2163 1649 conveniunt,
2244 1567 2316 1629 ut
2383 1582 2517 1630 non
2575 1559 2786 1628 solum
2834 1557 3214 1652 ejusdem
3264 1563 3686 1651 auctoriS,

543 1674 663 1753 sed
707 1684 928 1756 idem
979 1686 1013 1755 f
1023 1710 1164 1757 ere
1214 1707 1421 1780 opus
1475 1704 1616 1752 esse
1669 1678 2116 1775 intelligatur;
2165 1700 2378 1773 neque
2428 1676 2624 1749 aliter
2677 1676 3090 1748 statuendum
3138 1679 3446 1751 videatur
3497 1704 3682 1775 quam

543 1800 761 1875 banc
808 1807 1157 1901 primam
1209 1804 1490 1893 fuisse
1546 1800 1797 1872 illius
1853 1796 2366 1870 editionem.

744 2108 837 2170 25)
875 2109 1012 2160 Cum
1063 2110 1118 2159 in
1156 2107 1655 2176 grammaticorum
1704 2103 1971 2171 catalogo
2023 2118 2111 2170 ap.
2162 2102 2539 2154 Ebu-Ezram
2592 2099 2971 2151 ben-Bileam
3007 2100 3236 2152 tertium
3272 2115 3306 2151 a
3347 2101 3457 2154 fine
3493 2102 3680 2153 locum

546 2197 813 2259 occupet,
853 2202 1223 2262 quartumque
1261 2193 1332 2244 ab
1368 2192 1684 2243 Ebu-Ezra
1720 2192 1777 2241 in
1815 2188 1984 2242 catal.
2024 2190 2353 2269 coxntinuato
2390 2201 2476 2253 ap.
2524 2181 2797 2248 Wolfium
2832 2186 2898 2236 B.
2938 2185 3009 2236 H.
3048 2187 3124 2251 11,
3161 2185 3261 2238 595
3298 2204 3405 2251 ss.‚
3440 2187 3538 2240 ille
3576 2189 3684 2240 cir-

540 2291 610 2339 ca
643 2276 811 2329 finem
845 2278 931 2332 11.
971 2281 1188 2332 saeculi
1226 2278 1488 2332 floruisse
1531 2277 1800 2338 sumitur,
1841 2291 1967 2326 cum
2002 2273 2338 2327 Ebu-Ezra
2384 2288 2418 2324 a
2453 2272 2564 2324 fine
2600 2272 2885 2324 undecimi
2919 2272 3069 2325 ultra
3103 2273 3250 2325 med.
3288 2274 3680 2327 duodecimum

503 2352 507 2355 ’
539 2362 783 2430 vixerit,
832 2378 979 2418 anuo
1019 2366 1227 2418 aetatis
1262 2365 1329 2415 75
1366 2369 1620 2414 mortuus
1657 2363 1820 2426 (1070
1855 2359 2035 2425 fere),
2073 2358 2148 2412 cf.
2190 2362 2255 2413 G.
2294 2360 2645 2433 Lippmanm’
2681 2358 2938 2429 prolegg.
2975 2359 3048 2410 ad
3086 2358 3213 2426 ejus
3247 2359 3426 2412 libros
3464 2360 3520 2414 S.
3567 2361 3681 2412 Ha·

432 2489 436 2492 ⁴
540 2444 732 2499 schem
768 2447 820 2513 §.
854 2452 904 2499 1.
943 2448 1171 2519 Saphah
1208 2448 1450 2502 berurah
1488 2449 1538 2517 §.
1578 2448 1627 2499 3.
1669 2443 1918 2516 Sephatb
1947 2443 2144 2511 jether
2179 2445 2218 2511 ο.
2256 2444 2306 2498 5.

743 2535 838 2597 26)
871 2536 931 2587 In
969 2536 1371 2588 additamentis
1409 2533 1481 2586 ad
1517 2533 1839 2600 catalogum
1860 2530 2043 2585 0c0dd.
2081 2528 2468 2605 bibliothecae
2507 2545 2624 2582 sen.
2664 2528 2823 2597 Lips.
2857 2545 2910 2599 p.
2931 2528 3050 2581 318.
3085 2555 3151 2569 —
3226 2529 3405 2593 Quam
3446 2530 3684 2584 difficul-

537 2623 713 2672 tatem
791 2625 848 2672 et
917 2622 1167 2674 virorum
1234 2621 1531 2673 doctorum
1588 2616 2025 2671 haesitationem
2080 2617 2278 2669 videns
2333 2623 2582 2685 nugator
2635 2615 2892 2684 quidam,
2969 2613 3090 2667 Sal.
3145 2614 3543 2688 Meklenburg,
3623 2620 3682 2669 in

538 2704 915 2759 eitctatutbtatt
958 2707 1038 2760 bes
1074 2708 1282 2760 Dtientss
1332 2719 1382 2754 a.
1420 2704 1557 2757 1840
1602 2719 1694 2754 no.
1732 2703 1798 2753 13
1846 2719 1898 2770 p.
1937 2703 2039 2753 199
2074 2719 2192 2770 seq.
2242 2701 2452 2753 nodum
2503 2701 2676 2752 meris
2714 2699 3058 2766 conjecturis
3095 2702 3187 2752 vel
3221 2703 3410 2768 potius
3447 2706 3681 2756 somniis

536 2788 695 2841 facta
762 2791 1156 2856 spernentibus
1223 2787 1556 2841 solvendum
1624 2787 1732 2838 sibi
1796 2788 2014 2839 sumsit.
2105 2790 2159 2840 Is
2213 2789 2363 2840 enim
2418 2784 2626 2837 frivola
2680 2786 3176 2852 argumentatione
3231 2800 3333 2853 pro
3388 2801 3684 2857 argumen.

538 2877 613 2927 tis
672 2890 807 2926 usus
868 2889 987 2926 rem
1044 2877 1127 2926 ita
1184 2872 1458 2925 facillime
1510 2871 1777 2939 expedire
1826 2873 1937 2926 sibi
1987 2873 2141 2925 visus
2188 2880 2276 2926 est
2321 2878 2386 2924 ut
2426 2886 2567 2938 opus
2617 2869 2761 2921 illud
2812 2869 2961 2937 quod
3009 2869 3356 2924 Bileamides
3400 2873 3461 2924 in
3515 2874 3680 2925 '7:522

538 2958 773 3026 ΒἿῬἹΞΠ
811 2965 1075 3026 tanquam
1112 2976 1271 3012 suum
1311 2965 1715 3011 commemorat
1751 2955 1880 3013 huic
1919 2958 2144 3029 quidem
2180 2959 2487 3018 tribueret,
2548 2954 2649 3007 sed
2686 2954 2755 3007 ab
2797 2955 3055 3006 omnibus
3090 2955 3205 3007 illis
3242 2973 3385 3025 quae
3425 2957 3536 3012 hoe
3571 2976 3683 3014 no·-

538 3045 692 3098 mine
745 3043 1003 3097 feruntur
1049 3045 1361 3108 diversum,
1428 3061 1498 3098 ex
1545 3043 1634 3097 his
1681 3033 1869 3098 autem
1919 3044 2045 3097 cod.
2097 3044 2167 3096 de
2204 3044 2538 3097 Bossianum
2576 3048 2712 3094 item
2751 3056 2785 3091 a
2820 3042 3064 3093 caeteris
3100 3040 3411 3111 diversum,
3477 3047 3681 3116 quippe

537 3131 736 3199 lingua
768 3131 945 3182 Hebr.
996 3132 1067 3183 ab
1117 3138 1348 3182 auctore
1385 3133 1655 3199 scriptum
1689 3146 1805 3183 non
1838 3132 2080 3184 Arabica
2116 3128 2299 3199 (quod
2334 3129 2499 3195 plane
2536 3128 2727 3179 fictum
2765 3134 2823 3178 et
2858 3141 2893 3177 a
2930 3125 2999 3177 de
3035 3126 3227 3178 Roasii
3263 3126 3374 3179 fide
3416 3129 3681 3199 alienum,
3741 3117 3748 3123 ’

539 3218 637 3285 qui
685 3216 812 3269 cod.
862 3231 1023 3268 suum
1071 3215 1307 3268 alterum
1346 3217 1612 3270 Vaticani
1661 3217 1975 3286 exemplum
2024 3216 2095 3269 ab
2134 3216 2336 3268 eodem
2370 3217 2680 3280 interprete
2716 3209 3089 3265 Menachemo
3125 3211 3534 3268 ben-Nathan’
3537 3218 3592 3269 el
3622 3221 3681 3271 in

534 3303 712 3355 Hebr.
751 3316 1080 3354 conversum
1118 3303 1360 3368 putavit)
1397 3309 1455 3354 et
1490 3302 1606 3354 alia
1639 3304 1934 3370 ejusmodi.

738 3390 834 3450 27)
871 3389 1071 3439 Exstat
1116 3388 1267 3456 apud
1312 3394 1376 3440 L.
1419 3388 1723 3442 Dukesium
1771 3385 2093 3440 literatnrb.
2130 3384 2423 3437 Mittheill.
2469 3397 2524 3449 p.
2557 3381 2658 3433 197
2695 3398 2737 3435 s.
2789 3380 3068 3449 praefatio
3118 3391 3176 3435 et
3223 3385 3465 3453 capitum
3504 3390 3680 3441 totius

539 3478 729 3540 operis
762 3473 967 3538 index,
1013 3476 1425 3525 communicata
1462 3489 1497 3526 a
1531 3468 1897 3535 Frensdorfio
1933 3473 2349 3536 Hanoverano,
2399 3469 2461 3519 iu
2495 3465 2654 3534 cujus
2689 3469 2945 3520 manibus
2984 3476 3070 3519 est
3106 3468 3491 3536 apographum
3525 3474 3682 3530 codi-

540 3559 621 3610 cis
660 3557 917 3625 oppenh.
988 3559 1061 3611 Et
1109 3557 1474 3628 praefatio
1525 3560 1751 3631 quidem
1797 3558 1856 3611 in
1903 3555 2133 3609 exordio
2184 3570 2306 3608 non
2343 3552 2587 3606 auctoris
2623 3552 2797 3621 ipsius
2832 3554 2929 3606 sed
2973 3550 3192 3605 librarii
3225 3554 3321 3604 vel
3363 3554 3679 3625 interpretis

535 3643 768 3698 nomine
813 3641 969 3709 loqui
1017 3642 1266 3705 videtur,
1325 3643 1464 3694 haec
1517 3641 1809 3696 referentis
1854 3645 2026 3715 (quae
2074 3641 2190 3704 iam
2241 3639 2299 3692 in
2351 3638 2516 3690 catal.
2559 3636 2814 3705 Oppenh.
2866 3637 3002 3689 1782
3048 3636 3167 3690 fere
3213 3633 3405 3690 haberi
3454 3639 3672 3706 audio).

538 3729 742 3797 „hunc
789 3741 915 3780 esse
965 3724 1174 3781 librum
1211 3713 1280 3776 '2¹¹3
1324 3712 1393 3777 Ἠ
1431 3728 1656 3780 ratione
1676 3727 2101 3798 compendiaria
2136 3714 2354 3793 (ἱἿἾῈΡ
2401 3719 2578 3796 Τι’-53
2612 3723 2738 3776 scil.
2775 3723 3077 3790 scriptum,
3125 3719 3198 3773 cf.
3239 3723 3465 3787 Qimchi
3501 3725 3676 3794 praef.

538 3813 805 3878 Micblol,
871 3813 966 3879 qui
1023 3812 1176 3864 idem
1233 3813 1304 3865 de
1364 3827 1467 3866 suo
1530 3828 1702 3880 opere
1761 3813 1924 3877 dicit)
1989 3821 2048 3866 et
2101 3811 2163 3865 in
2206 3812 2535 3881 linguam
2582 3805 2790 3863 Arab.
2835 3810 3281 3861 translatum
3325 3808 3671 3866 Hieroso·

536 3901 750 3969 lymis
807 3899 918 3952 huc
977 3896 1058 3960 (h.
1113 3913 1162 3951 e.
1210 3897 1269 3951 in
1331 3904 1499 3952 terras
1562 3897 1969 3964 occidentales)
2028 3897 2326 3952 advectum
2386 3909 2423 3946 a
2481 3892 2723 3961 Josepho
2787 3891 3120 3962 ben-Chija
3177 3891 3437 3957 librari03
3509 3903 3568 3949 et
3611 3897 3678 3949 R.

538 3982 1033 4038 Nathan'elem
1096 3981 1225 4036 ben
1287 3983 1352 4036 R.
1401 3983 1865 4038 Meschullam
1926 4000 2171 4038 rursus
2227 3996 2296 4034 ex
2358 3979 2524 4047 ling.
2574 3976 2786 4032 Arab.
2837 3976 3301 4032 convertisse
3348 3978 3422 4032 in
3470 3996 3679 4034 sauc-

539 4081 679 4123 tam
749 4069 811 4123 in
878 4067 1016 4121 urbe
1076 4069 1363 4138 Mainza.“
1451 4069 1606 4122 Unde
1663 4075 1814 4136 patet
1871 4066 2080 4121 librum
2140 4065 2209 4120 ab
2268 4072 2497 4119 auctore
2546 4065 2894 4117 Hebraiee
2949 4061 3220 4133 scriptum
3283 4063 3474 4120 fuisse.
3567 4069 3676 4121 Sed

538 4173 682 4229 quae
730 4154 989 4222 deinceps
1033 4163 1341 4223 sequuntur
1387 4154 1457 4207 de
1491 4152 1621 4208 libri
1657 4160 2018 4223 argumento,
2084 4151 2285 4219 quibus
2317 4156 2518 4203 auctor
2553 4147 2847 4203 consilium
2891 4164 3055 4200 suum
3092 4149 3341 4203 declarat
3373 4158 3429 4203 et
3460 4151 3680 4205 utilita-

540 4253 656 4296 tem
692 4241 966 4309 exemplis
1002 4239 1380 4304 commendat,
1417 4249 1701 4294 auctorem
1738 4240 1922 4311 ipsum
1961 4238 2145 4293 dicere
2184 4247 2306 4291 tum
2341 4234 2521 4303 prima
2553 4233 2836 4301 loquentis
2871 4248 3108 4302 persona
3140 4234 3358 4299 suadet,
3389 4241 3510 4289 tum
3545 4253 3676 4292 vero

539 4327 594 4389 jd
651 4323 949 4380 confirmat
997 4324 1143 4393 quod
1181 4323 1357 4378 verba
1388 4324 1694 4378 maximam
1729 4331 1945 4391 partem
1984 4323 2243 4395 (ipsaque
2279 4321 2542 4391 exempla·
2577 4317 2775 4386 quibus
2810 4326 3147 4373 accentuum
3184 4336 3346 4374 usum
3381 4325 3680 4386 monstrat)

539 4429 667 4466 cum
713 4409 841 4464 libri
875 4409 1105 4479 &upum
1151 4408 1319 4462 ³⁷:922
1366 4409 1655 4481 prooemio
1701 4408 2057 4464 conveniunt·
2129 4408 2200 4462 Ut
2249 4403 2528 4477 praefatio
2580 4405 2664 4480 ita
2713 4403 2950 4475 capita
2997 4405 3214 4475 primae
3259 4404 3432 4473 partis
3468 4408 3533 4458 17
3581 4409 3677 4473 (de

539 4513 655 4552 acc.
690 4498 757 4550 21
793 4492 931 4548 libb·
975 4499 1172 4563 prom),
1212 4513 1455 4569 quorum
1489 4492 1659 4547 index
1699 4492 2007 4562 exhibetur,
2050 4492 2167 4546 fere
2200 4491 2398 4545 eadem
2432 4499 2562 4545 sunt
2597 4506 2739 4558 quae
2773 4489 2833 4543 in
2870 4488 2989 4556 illo,
3025 4488 3134 4543 nisi
3171 4488 3319 4557 quod
3356 4490 3496 4546 ordo
3537 4492 3677 4547 nub-

538 4583 669 4636 inde
715 4581 915 4636 variat.
985 4581 1052 4633 ln
1097 4585 1271 4635 altera
1317 4591 1475 4652 parte
1523 4580 1593 4634 de
1627 4579 1856 4650 poeticis
1894 4593 2036 4647 quae
2068 4580 2103 4628 ⁷
2138 4593 2297 4648 capp.
2336 4574 2664 4636 absolvitur,
2701 4574 2851 4630 idem
2886 4575 3005 4629 sine
3039 4572 3213 4628 dubio
3242 4589 3549 4633 consensus
3584 4578 3675 4632 de·

535 4685 598 4736 pr
621 4666 981 4721 ehenderetur
1016 4664 1062 4718 si
1105 4666 1300 4720 liceret
1336 4682 1655 4739 comparare
1691 4664 1790 4730 (cf.
1828 4675 2016 4719 tamen
2050 4662 2195 4718 infra
2234 4661 2595 4726 Simsonem).
