4673 5897
542 1129 695 1246 In
740 1176 1228 1267 programmate
1273 1168 1364 1244 ad
1409 1168 1758 1245 indicenda
1800 1193 1995 1245 sacra
2019 1168 2524 1245 Pentecostalia
2566 1194 2776 1271 nuper
2822 1169 3058 1244 emisso
3096 1169 3176 1244 de
3209 1168 3504 1243 initiis
3539 1167 3682 1242 dis-

545 1286 829 1384 cipliuae
874 1296 1264 1362 accentuum
1315 1289 1488 1388 apud
1539 1288 1828 1365 Judaeos
1882 1290 2484 1388 antiquissimisque
2534 1291 2645 1386 qui
2697 1290 2780 1364 ad
2819 1312 2944 1363 nos
2985 1297 3419 1387 pervenerunt
3468 1288 3685 1385 scrip·

539 1409 797 1485 toribus
855 1432 1223 1480 sermonem
1280 1408 1703 1483 instituimus.
1802 1406 1955 1483 Jam
2019 1413 2199 1482 nova
2260 1409 2633 1483 disserendi
2685 1410 3030 1484 occasione
3080 1411 3349 1503 oblata,
3420 1409 3687 1505 incepta

538 1530 644 1601 via
710 1526 1145 1624 procedentes
1212 1535 1518 1603 caeteros
1569 1552 1654 1602 ex
1707 1528 2181 1625 antiquioribus
2230 1526 2639 1603 Judaeorum
2690 1529 3028 1626 magistris
3083 1530 3196 1627 qui
3246 1530 3328 1603 de
3375 1529 3495 1600 illa
3543 1551 3685 1599 me-

544 1654 818 1721 ruerunt
868 1644 1325 1743 dispiciamus,
1377 1655 1446 1720 et
1492 1670 1659 1744 quae
1703 1672 1789 1721 ea
1841 1649 1995 1722 binc
2042 1651 2572 1723 incrementa
2622 1649 2845 1720 tulerit
2896 1649 3254 1723 videamus.

840 1763 938 1838 Et
983 1767 1298 1840 tertius
1345 1766 1604 1865 quidem
1656 1770 1767 1865 qui
1817 1792 1948 1841 non
1996 1770 2205 1842 multo
2247 1777 2404 1865 post
2455 1766 2820 1840 duumviros
2868 1769 3061 1855 illos,
3120 1766 3684 1843 ben-Ascherum

539 1894 607 1961 et
659 1884 1055 1982 Chajngnm,
1106 1888 1631 1975 consideratione
1682 1890 1862 1963 venit
1913 1889 2366 1987 dignissimus,
2419 1898 2524 1962 est
2572 1888 2660 1961 R.
2701 1887 3099 1963 JEHUDAH
3128 1886 3689 1977 BEN-Bu‘AM,

549 2007 995 2096 Toletc‘tmts,
1082 2010 1193 2103 qui
1261 2008 1441 2081 circa
1504 2006 1697 2081 finem
1767 2009 2099 2084 undecimi
2163 2036 2233 2107 p.
2288 2007 2450 2082 Chr.
2518 2009 2765 2081 saeculi
2830 2008 2930 2109 vel
2997 2006 3359 2082 duodecimi
3426 2007 3685 2079 initium

538 2126 796 2198 videtur
853 2126 1178 2201 floruisse.
1278 2125 1363 2198 In
1416 2128 1569 2200 Ebu
1620 2127 1865 2201 'Ezrae
1918 2130 2093 2209 enim
2149 2128 2456 2223 catalogo
2506 2128 2768 2200 tertium
2816 2135 2971 2225 post
3015 2127 3256 2201 Mosen
3305 2125 3688 2225 Geqatiliae

537 2244 786 2336 filium,
854 2241 1137 2342 Chajugi
1185 2246 1655 2343 interpretem,
1703 2249 1987 2346 itemque
2032 2240 2299 2321 tertium
2347 2269 2388 2316 a
2431 2244 2563 2318 fine
2614 2244 2679 2318 h.
2734 2270 2792 2319 e.
2845 2249 2930 2320 ab
2984 2246 3143 2320 Ebn
3188 2246 3432 2321 ‘Ezrae
3475 2246 3684 2344 ipsius

539 2373 761 2438 aetate
828 2363 1040 2435 locum
1114 2374 1418 2461 occupat.
1517 2364 1628 2438 Ibi
1693 2366 1861 2440 nihil
1920 2366 2101 2439 aliud
2153 2347 2235 2439 de
2281 2389 2361 2436 eo
2414 2365 2703 2438 refertur
2744 2390 2942 2462 quam
2994 2391 3226 2464 parvos
3277 2392 3424 2440 eum
3476 2366 3686 2438 colle—

533 2488 715 2583 gisse
778 2483 1010 2554 libros.
1112 2481 1363 2557 Verum
1431 2485 1499 2556 hi
1566 2486 1778 2583 pluris
1845 2485 2134 2560 habendi
2188 2508 2383 2582 quam
2434 2485 2711 2558 aliorum
2765 2510 2996 2560 crassa
3042 2487 3396 2559 volumina.
3495 2482 3682 2556 Duo
3743 2526 3752 2537 ·

531 2603 705 2678 euim
773 2600 966 2697 hujus
1032 2602 1243 2675 libelli
1311 2604 1420 2700 qui
1482 2606 1679 2678 nobis
1748 2607 2004 2679 servati
2054 2614 2209 2678 snut
2257 2606 2783 2678 accentibus
2823 2604 3230 2702 potissimum
3282 2600 3687 2701 exponendis
3733 2672 3736 2677 .

530 2721 962 2805 inservientes
1013 2720 1083 2791 in
1132 2722 1261 2794 hoc
1305 2723 1457 2794 loco
1509 2733 1645 2796 tam
1699 2732 2007 2798 accurate
2056 2733 2126 2798 et
2174 2724 2442 2821 copiose
2486 2731 2881 2816 versantur,
2939 2732 3012 2796 ut
3057 2724 3344 2797 omnium
3391 2723 3687 2819 ejusmo-

532 2842 601 2913 di
648 2840 1043 2934 scriptorum
1097 2848 1326 2911 noster
1370 2841 1564 2937 longe
1612 2843 2036 2937 gravissimus
2085 2843 2173 2914 sit
2223 2842 2539 2915 dicendus
2583 2868 2662 2915 ac
2710 2844 2856 2916 fere
2916 2844 3255 2916 classicus.
3403 2828 3410 2836 ¹

837 2957 1126 3049 Quorum
1181 2959 1509 3057 hucusque
1559 2986 1775 3032 unus
1832 2971 2088 3035 tantum
2140 2964 2358 3036 doctis
2411 2963 2810 3055 innotuerat,
2860 2962 3049 3059 isque
3100 2961 3683 3051 celebratissimuS,

535 3078 644 3176 qui
704 3077 1062 3171 inscriptus
1114 3088 1217 3150 est
1266 3088 1608 3176 ΝἽΡΕΠ
1658 3090 1949 3172 “vvir-³,
2034 3080 2130 3151 de
2180 3081 2692 3153 accentibus
2732 3081 3212 3177 scripturae
3253 3076 3312 3150 ¹).
3413 3079 3496 3151 In
3553 3103 3681 3177 pu-

531 3200 773 3272 blicam
838 3196 1056 3267 luccm
1126 3195 1339 3269 editus
1408 3207 1512 3270 est
1560 3223 1601 3271 a
1645 3202 1766 3273 Jo.
1821 3203 2206 3290 Mer-cere,
2289 3198 2658 3270 clarissimo
2710 3198 3030 3295 quondam
3078 3200 3421 3272 literarum
3471 3197 3680 3270 Hebr.

523 3318 693 3415 apud
750 3312 987 3389 Gallos
1038 3317 1456 3411 professore,
1527 3343 1605 3390 ac
1676 3320 2025 3416 bipartitus
2079 3319 2372 3416 quidem:
2451 3319 2730 3412 primum
2799 3343 2877 3390 ea
2941 3318 3092 3390 libri
3152 3344 3304 3415 pars
3369 3342 3534 3414 quae
3595 3318 3675 3388 ad

523 3432 842 3509 accentus
888 3434 1082 3506 trium
1132 3435 1447 3507 librorum
1499 3439 2044 3531 poeticorum
2090 3437 2377 3532 pertinet
2422 3433 2584 3506 Par.
2642 3437 2865 3511 1556.
2919 3436 3156 3511 deiude
3211 3463 3268 3510 a.
3319 3438 3518 3510 1565
3573 3460 3677 3507 re-

322 3569 347 3588 '
456 3658 466 3664 ‚
527 3553 717 3649 liqna
768 3554 847 3623 de
900 3562 1306 3624 caeterorum
1374 3556 1465 3625 21
1523 3555 1684 3626 libb.
1751 3556 2134 3629 accentibus
2197 3554 2707 3652 (prosaicis)
2743 3551 2811 3628 ²).
2925 3555 3057 3629 Illa
3102 3555 3359 3653 quidem
3407 3577 3678 3651 prorsus

729 3803 787 3868 1)
821 3801 885 3854 ιιι
921 3799 993 3851 de
1039 3800 1231 3853 Romi
1269 3802 1622 3857 bibliotheca
1662 3806 1790 3859 coe.
1829 3807 1960 3872 ως,-
2000 3806 2136 3859 nubi
2176 3805 2390 3859 aunum
2426 3806 2566 3859 mim
2601 3768 2846 3860 'innotuit
2881 3808 3214 3877 exemplum.

729 3919 793 3987 2)
830 3917 1137 3987 Utramque
1175 3921 1481 3975 editionem
1520 3932 1674 3977 recte
1711 3926 1924 3993 primus
1964 3929 2255 3979 recensuit
2287 3930 2338 3979 J.
2377 3921 2720 3991 Buxtorfius
2753 3929 2810 3979 in
2848 3925 3112 3983 biblioth.
3148 3929 3359 3994 Rabb„
3395 3930 3492 3982 ubi
3531 3943 3671 3982 voce

526 4004 758 4073 &³¹an
803 4003 969 4054 mat:
1019 4002 1158 4057 haec
1210 4004 1410 4061 habet:
1473 4010 1781 4094 „bimensus
1834 4021 1923 4064 est
1961 4011 2224 4064 Lutetiae
2275 4027 2366 4080 ap.
2403 4011 2710 4065 Robertum
2751 4009 3091 4080 Stephanum
3138 4016 3197 4067 in
3233 4015 3295 4068 ⁴⁰
3330 4029 3480 4068 anno
3517 4013 3668 4067 1565.

524 4092 903 4147 l’eculiariter
951 4089 1121 4142 etiam
1168 4093 1398 4159 scripsit
1458 4093 1591 4144 ΜΝ
1638 4092 1866 4147 Ε’Ἷῦῦ
1912 4083 1959 4147 '2
2004 4097 2169 4147 ³⁷:522
2214 4103 2379 4148 tract.
2429 4096 2498 4149 de
2546 4105 2761 4151 accent-
2811 4101 2981 4151 trium
3029 4099 3166 4154 libb.
3211 4100 3321 4154 Job
3376 4100 3546 4153 Prov.
3613 4105 3670 4151 et

524 4177 733 4232 Psalm.
769 4175 980 4228 Ibidem
997 4176 1034 4203 “
1077 4179 1217 4238 (non
1255 4176 1431 4230 allato
1470 4183 1669 4247 anno).
1711 4182 1893 4245 Quem
1915 4185 2096 4235 secuti
2118 4188 2251 4235 sunt
2268 4180 2621 4253 ImbonaiuS,
2657 4182 2819 4236 Paul.
2845 4183 3257 4240 Columesiusin
3278 4185 3467 4241 Gallia
3488 4184 3667 4236 orien-

522 4265 626 4317 tali
680 4277 732 4329 p.
771 4260 838 4312 48
889 4261 972 4321 (in
1009 4258 1252 4312 Merceri
1310 4263 1648 4333 scriptorum
1685 4282 1949 4332 recensu,
2014 4269 2110 4321 ubi
2153 4284 2331 4322 annus
2370 4270 2459 4322 ed.
2485 4270 2660 4324 tract.
2697 4269 2768 4323 de
2805 4284 2922 4323 acc.
2962 4273 3237 4339 poeticis,
3301 4287 3337 4326 a
3369 4268 3665 4322 Buxtorlio

524 4349 786 4411 omissus,
830 4343 1054 4395 additur
1089 4344 1254 4412 1556)
1290 4355 1347 4399 et
1378 4353 1426 4400 J.
1468 4352 1525 4406 C.
1564 4348 1806 4418 lVolfius
1840 4352 1906 4405 B.
1936 4354 2019 4418 Η.
2056 4356 2097 4409 1.
2136 4372 2189 4424 p,
2229 4354 2329 4407 418
2366 4355 2486 4422 (ubi
2519 4357 2717 4409 vitium
2755 4363 2985 4430 typogr.
3022 4356 3304 4424 „saeculo
3340 4354 3524 4409 XV1“
3559 4368 3662 4423 pro

523 4434 619 4487 XI.
670 4431 843 4484 facile
890 4432 1289 4497 cognoscitur,
1352 4445 1672 4491 correctum
1707 4443 1777 4492 Τ.
1820 4438 1927 4504 111,
1985 4440 2147 4506 301);
2214 4441 2309 4509 qui
2343 4448 2540 4494 'tamen
2578 4450 2636 4493 et
2671 4439 2724 4493 h.
2763 4442 2804 4496 l.
2844 4449 2903 4495 et
2935 4442 3042 4507 111,
3098 4442 3199 4495 801
3238 4440 3481 4494 editioni
3511 4437 3661 4494 falso

523 4519 939 4573 versionem
978 4515 1159 4568 latin
1177 4531 1272 4569 am
1308 4518 1396 4571 Jo.
1435 4521 1685 4575 Meroen-i
1725 4524 1915 4589 addit,
1975 4542 2097 4578 cum
2136 4529 2311 4593 opera
2345 4533 2560 4579 tantum
2595 4526 2751 4579 illius
2791 4542 2999 4580 excusa
3032 4532 3139 4592 sit,
3195 4525 3667 4598 quemadmodum

522 4604 723 4657 titulus
764 4601 895 4655 libri
935 4598 1105 4652 habet
1136 4608 1199 4653 et
1240 4605 1578 4664 Buxtoriius.
1654 4609 1830 4672 Quem
1869 4611 2068 4663 Wolfii
2105 4625 2353 4665 errorem
2387 4621 2755 4681 susceperunt
2792 4611 2862 4666 de
2895 4613 3056 4667 Rossi
3092 4613 3147 4664 in
3190 4614 3361 4666 catal.
3400 4610 3564 4667 codd.
3605 4619 3664 4667 et

521 4690 838 4745 dizionario
887 4687 1014 4754 (qui
1055 4689 1200 4743 adeo
1238 4694 1655 4750 versionem
1693 4702 1987 4760 tantum,
2022 4711 2135 4749 non
2173 4696 2486 4751 editionem
2520 4697 2612 4752 Jo.
2650 4699 2912 4754 Mercero
2946 4696 3172 4764 tribuit)
3208 4704 3268 4751 et
3305 4700 3363 4752 S.
3399 4700 3471 4753 D.
3509 4704 3664 4753 Lux.-

3214 4787 3254 4861 1
