4673 5897
644 471 776 536 ter
828 462 1208 536 libellus
1258 462 1344 531 in
1395 457 1793 531 Masorab
1845 456 2196 553 saepius
2248 456 2614 547 citatur,
2655 463 2730 531 ut
2781 454 2868 529 ad
2917 456 3088 531 Lev.
3139 460 3285 549 21,
3338 462 3411 529 4.
3467 461 3603 552 23,
3669 466 3792 538 21.

642 580 779 655 Ex.
833 572 971 675 21',
1052 582 1177 653 35.
1274 578 1467 652 Unde
1529 602 1676 652 cum
1736 575 2153 672 intelligatur
2215 574 2496 646 alterum
2559 598 2724 672 opus
2790 599 2875 647 ex
2908 577 3138 676 ‚altero
3194 577 3527 673 suppleri:
3607 591 3795 679 patet

642 712 1077 798 utrumqne
1144 706 1300 774 una
1366 708 1628 771 ortum
1697 719 1886 770 esse
1955 703 2024 770 et
2093 695 2186 767 ab
2230 695 2508 767 eodem
2556 703 2912 770 auctore
2959 694 3476 793 profectum,
3547 700 3788 776 Maso-

622 830 760 894 *rae
808 820 1066 895 scilicet
1113 817 1362 891 editore
1417 817 1509 889 R.
1537 814 1885 912 JA'Aoon
1934 812 2503 888 BEN-CnAnM
2530 808 2629 891 ⁵⁴).
2684 815 2882 910 Quod
2931 812 3356 889 confirmatur
3402 820 3593 892 etiam
3646 825 3789 918 pri-

641 940 730 1011 mi
787 939 996 1013 libelli
1058 937 1143 1012 de
1208 939 1472 1034 punctis
1519 935 1834 1009 exordio:
1917 936 2028 1008 ubi
2074 935 2204 1007 iste
2253 932 2597 1029 praefatur
2643 935 2772 1008 sibi
2823 941 2978 1030 post
3023 934 3326 1007 absoluta
3369 937 3579 1011 biblia
3621 943 3786 1014 reli·
3878 959 3881 962 ’

644 1083 838 1156 quum
898 1081 1046 1133 esse
1113 1057 1415 1132 ardorem
1483 1054 1870 1130 conficiendi
1928 1053 2148 1153 operis
2211 1053 2515 1127 tesselati
2574 1079 2658 1128 ex
2722 1053 3216 1126 rationibus
3275 1065 3782 1151 punctorum

642 1190 710 1250 et
758 1185 1309 1269 accentuum,
1353 1184 1426 1247 ut
1477 1176 1612 1249 sint
1655 1183 1958 1273 tanquam
1998 1173 2260 1271 palae
2313 1174 2798 1246 annulorum
2850 1171 3261 1245 Masorae
3310 1199 3525 1273 neque
3570 1178 3783 1251 dimo-

642 1305 915 1375 veantur
975 1299 1058 1368 ab
1129 1296 1232 1369 his
1301 1307 1608 1388 catenae,
1683 1320 1923 1391 easque
1983 1294 2304 1367 collectas
2345 1316 2492 1365 esse
2544 1292 2892 1392 spicilegio
2943 1316 3296 1365 messorum
3343 1319 3616 1391 quorum
3662 1324 3786 1372 no-

639 1415 817 1486 mina
858 1415 983 1487 sibi
1027 1439 1159 1487 non
1211 1415 1478 1513 cognita
1516 1439 1664 1488 esse
1710 1412 2059 1486 manifesto
2087 1407 2173 1485 ⁵⁵¹.
2575 1422 2578 1425 ’

945 1532 1244 1606 Primum
1306 1542 1696 1608 recenset
1755 1536 2104 1623 accentus,
2189 1544 2257 1606 et
2321 1532 2583 1606 eosdem
2650 1532 2928 1629 quidem
2987 1532 3098 1629 qui
3149 1529 3320 1626 apud
3374 1532 3787 1609 ΒηΕΑΜι-

595 1660 601 1675 ·
647 1642 823 1723 nant
878 1652 980 1744 (et
1024 1652 1467 1745 Simeonem),
1512 1652 1744 1725 iisdem
1790 1652 1990 1725 etiam
2040 1653 2413 1741 nominibus
2463 1652 2865 1749 appellatos,
2917 1651 3049 1723 nisi
3102 1650 3269 1748 quod
3318 1650 3783 1727 distincti-

647 1772 721 1840 vi
775 1756 1096 1866 (D'D'nv)
1164 1797 1206 1845 a
1271 1772 1608 1846 duodecim
1675 1772 1762 1844 ad
1813 1770 2292 1869 quindecim
2355 1795 2695 1843 numerum
2756 1772 3083 1845 creverint
3143 1772 3244 1864 (ut
3315 1769 3785 1867 quodammodo

642 1890 775 1982 jam
844 1890 1011 1987 apud
1064 1891 1605 1986 ὃιΜεοΝΕΜ),
1680 1891 1813 1987 jam
1878 1890 2142 1963 tandem
2206 1890 2448 1963 additis
2502 1890 2710 1962 tribus
2769 1891 2877 1987 qui
2942 1890 3270 1987 prioribus
3321 1892 3615 1989 suspecti
3669 1897 3784 1967 vel

647 2011 933 2105 ambigui
997 2012 1442 2083 videbantur:
1520 2008 2064 2099 Sebalscheleth,
2145 2008 2430 2106 Segolta
2473 2018 2544 2080 et
2604 2007 2762 2105 (pro
2812 2008 3033 2106 Paseq
3077 2035 3132 2081 s.
3185 2008 3415 2104 Pesiq,
3495 2013 3602 2106 qui
3648 2013 3787 2087 illic

646 2130 883 2198 tertius
952 2140 1131 2218 erat,
1223 2152 1390 2199 nunc
1462 2151 1733 2225 prorsus
1790 2129 2289 2226 praetermisso)
2346 2126 2699 2214 Paschta
2723 2122 2834 2213 ⁵⁶'3
2915 2138 3160 2201 mutato
3224 2129 3420 2201 etiam
3471 2131 3788 2222 ordine,
3869 2107 3885 2119 ⁶

649 2411 772 2456 tur:
831 2392 989 2447 290
1037 2395 1208 2469 '1592
1251 2395 1426 2446 &nn-l
1474 2396 1733 2449 ”570722
1774 2397 1935 2449 uon:
1981 2398 2178 2471 17:³07·
2248 2396 2331 2451 Ad
2382 2396 2615 2449 eandem
2664 2396 2874 2468 passim
2920 2395 3213 2471 relegatur
3256 2398 3313 2449 in
3364 2399 3559 2453 libello
3597 2402 3785 2469 priore

650 2481 719 2533 de
757 2485 1079 2550 punctis,
1117 2490 1181 2534 ut
1217 2481 1320 2535 fol.
1357 2485 1392 2533 7
1425 2481 1489 2533 b:
1550 2465 1714 2535 mab
1771 2482 1944 2560 *5592
2003 2484 2125 2556 3³³9
2185 2481 2440 2535 ὩἾῚῸῚΩΞ
2495 2483 2618 2534 ΜΗ
2665 2482 2803 2553 ῬἹ,
2867 2479 2973 2535 fol.
3013 2481 3179 2537 zob:
3217 2484 3412 2553 *wrm
3458 2475 3663 2538 ‘noun
3711 2460 3790 2538 θ’,

648 2556 799 2615 ‘nan
846 2557 1045 2619 ‘noun
1089 2549 1253 2618 ’,ευ
1298 2564 1475 2642 7⁶19:
1517 2568 1832 2639 pre-:⁷:³³2

852 2669 946 2733 54)
986 2670 1162 2733 Quem
1207 2685 1333 2721 cum
1385 2684 1455 2722 ex
1501 2670 1763 2740 diligenti
1800 2687 1995 2724 eorum
2032 2686 2174 2739 quae
2210 2685 2380 2739 supra
2413 2668 2579 2723 attuli
2613 2669 3074 2725 consideratione
3106 2671 3493 2738 agnovissem,
3559 2676 3795 2731 miratus

648 2769 771 2819 suin
801 2754 918 2820 jam
952 2768 988 2806 a
1020 2752 1230 2820 Wolfio
1254 2758 1315 2807 B.
1338 2757 1409 2808 Η.
1431 2756 1476 2820 1,
1513 2755 1613 2807 592
1651 2772 1704 2808 v.
1724 2756 1899 2808 Jacob
1935 2754 1976 2808 f.
2000 2755 2217 2821 Chajim
2252 2755 2402 2808 hunc
2437 2756 2760 2809 libellorum
2793 2756 3032 2808 istorum
3067 2751 3348 2822 perhiberi
3385 2765 3674 2811 auctorem
3708 2760 3794 2816 h³s

646 2839 858 2892 verbis:
919 2839 1240 2909 „Ejusdem
1273 2840 1533 2892 Wlfflin-'n
1559 2836 1747 2909 ἿἾῬΞιἾ
1765 2837 1928 2892 ’ΞἾἾ
1957 2841 2026 2895 de
2063 2842 2284 2892 ratione
2322 2841 2699 2908 punctationis
2738 2849 2793 2892 et
2831 2838 3318 2908 pronunciationis
3352 2841 3408 2892 in
3442 2842 3642 2896 iisdem
3663 2845 3794 2899 Bib-

648 2923 747 2978 liis
792 2923 1031 2994 legitur,
1087 2924 1185 2981 ubi
1235 2927 1358 2996 agit
1404 2926 1474 2981 de
1519 2926 1841 2991 vocalibus,
1901 2925 2227 2980 accentibus
2262 2926 2506 2995 aliisque
2544 2925 2862 2980 Hebraicae
2900 2923 3160 2978 lectionis
3195 2926 3554 2979 momentis.“
3628 2931 3792 2995 Quod

647 3018 838 3065 tamen
887 3013 1084 3065 nescio
1134 3013 1418 3081 quomodo
1472 3014 1751 3066 exciderit
1788 3012 1992 3066 Wolfio
2041 3013 2266 3065 minime
2316 3011 2427 3065 sibi
2473 3012 2788 3076 constanti,
2847 3018 2910 3063 ut
2958 3011 3056 3080 qui
3105 3011 3309 3064 eodem
3358 3013 3472 3066 vol.
3511 3031 3563 3084 p.
3600 3019 3702 3071 822
3739 3036 3791 3072 v.

650 3094 926 3150 Moscheh
962 3095 1189 3153 Chazan
1226 3096 1569 3152 Sabbathaei
1614 3097 1737 3166 (vel
1774 3097 1934 3150 Eliae
1971 3097 2109 3168 Ῑιον.
2157 3098 2374 3166 potius)
2423 3098 2807 3165 conjecturam
2845 3097 2996 3149 Mosi
3039 3097 3131 3148 illi
3174 3098 3426 3151 libellum
3465 3100 3535 3153 de
3572 3107 3792 3170 punctis

649 3179 949 3242 tribuentis
984 3181 1219 3248 afferat,
1292 3194 1513 3252 portam
1551 3190 1881 3236 accentuum
1918 3198 2055 3236 vero
2092 3184 2169 3252 11,
2206 3184 2310 3237 500
2348 3190 2406 3236 et
2439 3184 2575 3236 1438
2609 3184 2760 3235 inter
2795 3198 3109 3250 anonymos
3148 3184 3410 3239 collocet.
3477 3186 3629 3240 idem
3672 3189 3793 3243 sera

650 3268 731 3321 de
768 3267 1032 3322 Rossio
1070 3270 1352 3324 accidisse
1388 3271 1630 3333 ridetur,
1656 3272 1769 3339 ‘qui
1804 3270 1862 3322 in
1897 3269 2111 3323 dizion.
2146 3267 2409 3323 »anthlia
2442 3269 2655 3341 (rabb.)
2692 3267 2751 3317 in
2785 3268 3155 3321 describenda
3177 3269 3460 3324 R.Jaeobi
3495 3272 3549 3325 b.
3572 3272 3791 3342 Chajim

652 3353 907 3408 editione
942 3351 1131 3409 obiter
1169 3362 1466 3425 utrumque
1499 3354 1757 3408 libellum
1794 3363 2058 3422 tanquam
2094 3353 2407 3407 editoris
2444 3351 2642 3417 affert,
2702 3351 2759 3401 in
2798 3341 3294 3407 caeteris'tantum
3335 3355 3790 3414 dissertationem

653 3438 1005 3502 quandam
1041 3438 1112 3493 de
1151 3441 1478 3495 accentibus
1512 3447 1790 3490 recenset.
2711 3425 2721 3435 ⁶

860 3539 959 3605 55)
991 3540 1297 3607 Utriusque
1333 3538 1512 3591 libelli
1548 3539 1733 3590 tamen
1776 3551 1888 3589 non
1928 3536 2125 3589 eadem
2158 3551 2389 3604 prorsus
2424 3538 2594 3590 ratio.
2665 3535 2808 3590 Nam
2843 3553 2967 3590 cum
3006 3545 3174 3590 tract.
3210 3546 3539 3592 accentuum
3581 3544 3657 3594 nil
3687 3548 3791 3598 nisi

664 3621 914 3674 brevis
950 3623 1028 3673 sit
1060 3632 1615 3691 praeceptorum
1649 3622 1987 3674 Masorae
2023 3629 2466 3689 conspectus
2503 3629 2562 3675 et
2596 3637 2667 3674 ex
2700 3630 2860 3690 parte
2895 3623 3494 3691 supplementum:
3529 3629 3688 3694 prior
3722 3632 3792 3685 de

659 3707 880 3777 punctis
913 3705 1086 3776 longe
1121 3706 1365 3776 ampnor
1384 3708 1668 3760 Masoram
1712 3707 1936 3775 quidem
1972 3708 2199 3776 saepius
2234 3708 2377 3761 citat
2410 3715 2473 3760 ut
2506 3709 2724 3776 priores
2761 3708 2980 3772 solent,
3015 3707 3113 3760 sed
3151 3712 3374 3777 parcius
3411 3711 3683 3766 lectorem
3721 3717 3792 3769 ad

658 3808 784 3846 eam
820 3791 1072 3863 relegat,
1110 3799 1168 3846 et
1209 3792 1505 3845 finalem
1539 3801 1755 3846 tantum
1800 3794 1876 3859 (v.
1914 3802 2034 3847 not.
2072 3792 2193 3861 53),
2255 3800 2313 3845 et
2349 3794 2535 3846 locum
2573 3810 2602 3846 c
2626 3794 2964 3862 opiosius
3001 3795 3358 3862 persequitur
3394 3810 3465 3848 ex
3501 3800 3792 3854 ratione

660 3878 846 3948 apud
903 3879 1418 3947 grammaticos
1479 3878 1627 3931 Jud.
1686 3879 1747 3930 in
1804 3880 1931 3930 istis
1992 3879 2202 3932 libellis
2258 3880 2568 3948 antiquitus
2636 3883 2963 3948 recepta,
3035 3894 3179 3948 quae
3243 3881 3440 3933 nititur
3489 3881 3791 3953 hypothesi

662 3963 972 4033 Chajugi
1026 3979 1221 4018 omnes
1279 3963 1507 4019 vocales
1567 3966 1829 4034 primitus
1876 3964 2079 4035 longas
2127 3980 2253 4018 esse
2302 3981 2336 4018 a
2388 3968 2552 4017 litera
2597 3965 2925 4031 quiescente
2972 3966 3223 4032 quamvis
3272 3968 3496 4020 occulta
3542 3971 3793 4023 derivan-

660 4050 790 4116 das,
854 4049 982 4102 hinc
1040 4049 1240 4103 breves
1297 4055 1614 4118 correptas;
1674 4051 1823 4102 unde
1882 4056 2005 4101 tota
2061 4059 2316 4102 versatur
2363 4051 2420 4100 in
2468 4049 2802 4117 quaerendis
2849 4049 3097 4102 causis
3142 4066 3319 4118 quae
3367 4051 3624 4122 longas
3674 4053 3790 4109 uc·

662 4136 862 4187 cales
914 4133 1194 4188 tollant
1237 4133 1291 4187 b.
1330 4152 1381 4190 e.
1430 4119 1950 4204 corripiantsffiw)
1995 4124 2210 4206 ὙἉΡΓῙ·
2238 4118 2529 4204 finiant
2582 4133 2739 4224 ΠΡΟ
2782 4137 2940 4200 etc.).
3014 4135 3172 4198 Quae
3219 4137 3366 4204 apud
3413 4146 3662 4192 nostrum
3711 4142 3796 4193 ita

663 4217 906 4271 babetur
949 4230 1116 4287 prout
1162 4235 1198 4273 a
1231 4221 1644 4289 posterioribus
1678 4230 1847 4275 auct
1869 4239 1902 4273 a
1937 4223 2146 4279 suerat.
2211 4221 2286 4274 ad
2322 4222 2527 4285 Qames
2564 4227 2622 4273 et
2657 4217 2902 4271 Pathach
2945 4234 3204 4288 magnum
3242 4229 3302 4273 et
3335 4238 3562 4289 parvum
3600 4226 3794 4279 addito

664 4302 899 4358 Cholem
937 4312 996 4357 et
1037 4304 1761 4379 Chateph·Qames.atque
1804 4303 2360 4376 Chateph·Pathacb
2395 4320 2599 4374 magno
2639 4313 2697 4357 et
2733 4317 2939 4372 parv03
2997 4307 3162 4372 plane
3200 4306 3436 4358 eundem
3476 4310 3529 4359 in
3569 4311 3793 4362 modum

662 4391 977 4459 eodemque
1013 4391 1209 4445 ordine
1245 4394 1341 4460 qni
1377 4392 1527 4460 apud
1564 4392 1958 4446 Simso'nem
2002 4395 2048 4445 N
2061 4392 2289 4461 aqdan
2309 4408 2415 4445 um
2452 4389 2924 4460 deprehenditur,
2973 4391 3184 4443 omisso
3220 4399 3407 4443 tamen
3447 4395 3628 4461 primo
3668 4398 3794 4449 loco

663 4474 736 4529 de
776 4485 1111 4544 punctorum
1145 4478 1467 4531 nominibus
1503 4486 1562 4531 et
1595 4479 1793 4532 ultimo
1834 4479 1904 4531 de
1943 4477 2231 4548 Methego.

724 4587 753 4613 ²
864 4578 958 4645 56)
989 4580 1101 4632 Hie
1140 4580 1365 4648 quidem
1396 4580 1562 4649 Juxta
1598 4578 1950 4646 seminalium,
2012 4580 2107 4648 qui
2145 4596 2300 4634 more
2340 4579 2549 4632 tradito
2587 4587 2881 4646 utrumque
2920 4574 3366 4645 comprehendit,
3418 4575 3585 4643 plane
3628 4580 3797 4632 abun·
3823 4623 3838 4646 ,

673 4661 804 4720 dans
853 4678 1048 4720 errore
1095 4664 1336 4734 quodam
1380 4667 1442 4720 in
1489 4667 1635 4722 bunc
1683 4680 1967 4718 numerum
2015 4666 2312 4734 irrepsisse
2352 4665 2599 4727 videtur,
2662 4678 2765 4731 pro
2803 4661 3066 4729 Peslqo
3103 4660 3249 4714 male
3294 4662 3523 4714 omisso.
3595 4664 3797 4716 Mirum

3347 4752 3394 4822 3
